1653 2608
687 92 730 98 -—
782 71 848 108 147
901 92 941 97 -—

573 164 637 198 149.
666 166 703 198 111
722 165 944 198 Purificatione
963 165 1051 197 BMV.

170 236 203 269 1.
226 236 252 269 Ο
277 235 384 269 Maria
407 236 580 277 illustrata,

229 283 358 316 Summa
382 284 455 316 luce
480 284 672 324 consignata,

230 331 317 364 Vera
340 332 396 364 lux
423 335 471 364 est
496 332 632 364 dilatata

277 379 315 412 In
339 380 455 412 mentis
479 383 553 412 tuae
577 379 728 419 speculo;

227 426 276 458 Tu
305 427 436 460 lucerna
460 427 598 468 radiosa,

230 474 327 507 Cuius
350 475 418 507 vita
442 475 580 516 glor10sa

230 523 294 555 Per
320 523 467 564 exempla
491 523 634 554 virtuosa

276 569 394 603 Lucem
422 570 511 602 dedit
533 569 670 601 saeculo.

194 663 202 671 .
230 638 255 670 Ο
281 638 419 670 amatrix
443 636 639 675 meritorum,

229 686 280 717 Tu
303 693 444 717 meorum
468 685 681 726 peccatorum,

230 732 393 765 Vitiorum
419 735 452 764 et
476 741 621 765 errorum

280 780 457 821 Caliginem
482 779 635 824 illumina,

230 829 274 862 Ut
300 827 334 860 in
359 827 411 860 via
437 831 468 859 te
495 827 637 860 ductrice

231 877 261 908 A
285 878 319 907 te
343 875 406 908 Dei
430 876 591 915 genetrice

232 924 270 956 In
295 932 347 955 me
371 932 497 962 semper
523 926 552 954 et
577 923 638 954 hac
665 923 733 954 vice

281 971 353 1004 Sint
377 971 551 1011 gratiarum
576 969 704 1002 lumina.

196 1063 203 1071 .
231 1038 256 1071 Ο
285 1037 401 1080 Maria,
428 1038 522 1070 stella
547 1037 654 1076 maris,

233 1085 387 1118 Claritate
410 1084 591 1125 singularis,

225 1132 331 1165 Decus
357 1133 467 1165 mundi
491 1132 663 1164 nominaris

279 1180 364 1213 Mira
390 1179 638 1223 pulchritudine,

228 1228 327 1261 Clara
350 1229 446 1260 stella
465 1227 669 1268 splenduisti,

229 1276 361 1315 Quando
386 1277 475 1316 virgo
502 1275 676 1316 concepisti

230 1324 428 1357 Salvatorem
458 1323 614 1364 peperisti

275 1371 353 1404 Sine
376 1374 512 1404 naturae
535 1370 657 1403 ordine.

193 1466 200 1472 .
227 1438 277 1471 Tu
301 1438 414 1470 salutis
437 1438 517 1470 mihi
540 1438 647 1480 stella,

227 1487 310 1519 Mihi
335 1487 430 1526 placa
453 1486 565 1518 mundi
590 1485 685 1525 bella,

223 1534 274 1567 Ne
297 1533 441 1566 involvat
464 1543 515 1566 me
538 1533 682 1574 procella

272 1582 463 1615 Damnantis
487 1581 646 1623 miseriae,

222 1630 299 1663 Mea
323 1630 418 1662 stella
443 1629 608 1670 directiva,

226 1677 276 1710 Sis
302 1686 322 1710 a
345 1678 438 1709 malis
463 1678 621 1709 salvativa

224 1725 270 1758 Et
290 1726 333 1758 ad
357 1729 486 1766 portum
509 1725 701 1767 productiva

270 1774 456 1807 Perennalis
481 1774 617 1815 patriae.

857 238 889 272 5.
914 237 939 270 Ο
965 237 1081 278 Maria,
1106 239 1142 268 tu
1165 245 1309 268 amarum

912 285 1015 324 Mare,
1042 283 1168 325 quando
1193 283 1226 316 in
1251 292 1425 324 poenarum

913 332 1066 366 Passione
1090 335 1177 363 tuum
1203 340 1310 363 carum

962 379 1164 420 Conspexisti
1192 378 1304 420 filium,

913 427 1065 468 Magnum
1090 430 1165 459 tunc
1190 426 1418 467 compassionis

915 475 1010 508 quta
1034 475 1165 508 verbum
1191 474 1345 507 Simeonis

915 549 1335 559 --------

960 571 1152 603 Persensisti
1176 570 1326 612 gladium.

880 665 888 672 .
913 636 981 669 Fac
1005 647 1056 670 me
1081 637 1206 670 Christo
1231 637 1417 676 adhaerere,

912 685 976 718 Pro
1001 695 1051 717 me
1076 694 1202 725 passum
1229 685 1282 717 fac
1305 685 1426 725 lugere,

913 732 1071 766 Crucifixo
1098 733 1267 765 condolere

962 781 1064 813 Tanto
1092 781 1131 813 de
1155 780 1323 821 supplicio,

915 827 967 860 Da
990 832 1124 870 peccata
1148 829 1327 869 emendare,

913 875 995 908 Mihi
1021 875 1100 909 fiere
1124 876 1167 908 da
1190 884 1298 908 amare

961 971 1037 1002 Mea
1061 970 1103 1002 sit
1125 971 1283 1002 contritio.

879 1062 886 1070 .
914 1037 939 1070 O
965 1039 1000 1068 tu
1027 1037 1154 1069 domina
1176 1036 1293 1076 Maria,

911 1085 963 1118 Tu
987 1094 1057 1116 cum
1080 1086 1238 1124 potestate
1263 1085 1319 1125 pia

913 1130 1102 1165 constitutis
1128 1133 1162 1164 in
1186 1133 1247 1164 hac
1271 1132 1324 1165 via

960 1180 1129 1212 Praesides
1154 1180 1343 1222 hominibus,

912 1228 1105 1269 Angelorum
1130 1228 1330 1268 imperatrix,

911 1274 1113 1308 Infernorum
1138 1276 1374 1315 triumphatrix,

911 1322 1103 1356 Miserorum
1127 1323 1321 1363 miseratrix,

958 1370 1012 1403 Sic
1036 1371 1210 1403 dominaris
1233 1371 1389 1403 omnibus.

876 1466 883 1474 ,
908 1438 933 1470 Ο
960 1438 1071 1479 regina
1095 1441 1130 1470 tu
1154 1438 1318 1479 virtutum,

909 1485 989 1518 Esto
1014 1486 1091 1517 mihi
1117 1486 1204 1526 pacis
1230 1488 1361 1527 scutum,

909 1533 977 1565 Iter
1004 1542 1108 1565 meum
1133 1542 1226 1566 serva
1249 1535 1350 1566 tutum

957 1582 988 1613 A
1015 1582 1164 1622 malignis
1187 1582 1350 1622 hostibus3

908 1630 1012 1662 Tuum
1035 1632 1143 1662 natum
1167 1639 1226 1669 pro
1251 1638 1302 1661 1116
1326 1639 1392 1671 ora,

908 1677 955 1710 Ut
978 1678 1118 1710 instante
1141 1678 1253 1709 mortis
1278 1679 1357 1710 hora

907 1724 965 1757 Me
989 1726 1188 1758 commendet
1212 1726 1282 1758 sine
1305 1736 1394 1759 mora

956 1774 1151 1814 Angelorum
1177 1774 1329 1808 coetibus

226 1848 306 1878 Orat.
326 1858 380 1878 ms.
403 1849 587 1878 Carthasian.
609 1858 685 1878 saec.
709 1848 753 1878 15.
795 1850 864 1878 Οοᾶ.
888 1850 983 1887 Capit.
1004 1850 1155 1878 Treviren.
1177 1847 1241 1879 116.

466 1964 529 1996 150.
559 1964 604 1995 De
624 1962 782 1995 Vocabulo
803 1962 1037 1995 Purifieationis
1060 1963 1146 1995 BMV.

163 2035 194 2069 1.
222 2036 364 2076 Festum,
392 2036 476 2076 quod
501 2035 592 2068 nobis
617 2035 771 2077 imminet,

269 2083 506 2116 Purificationis

219 2132 292 2166 Hoc
316 2134 549 2164 sacramentum
577 2133 718 2165 continet

270 2180 409 2213 Sanctae
433 2180 606 2221 religionis,

268 2228 325 2268 Ut,
353 2228 507 2270 quidquid
534 2229 668 2261 actionis

217 2278 342 2310 Pravae
366 2285 455 2309 mens
480 2277 515 2309 in
538 2285 574 2308 se
594 2277 722 2318 retinet,

222 2326 338 2359 Totum
368 2325 469 2359 virtus
496 2325 639 2358 eliminet

269 2375 375 2407 Purae
401 2372 620 2407 confessionis,

853 2039 883 2069 2.
912 2036 959 2070 Ob
984 2036 1044 2069 hoc.
1067 2036 1199 2078 purgari
1223 2035 1324 2067 voluit

958 2084 1066 2116 Maria
1090 2084 1184 2116 stella
1208 2085 1318 2123 maris,

911 2133 999 2173 Quae
1023 2133 1069 2164 nil
1094 2131 1293 2172 purgandum
1318 2131 1431 2164 habuit

958 2181 1055 2213 Velut
1078 2181 1191 2221 ignara
1213 2181 1320 2223 maris,

956 2228 1003 2262 Ut
1027 2231 1071 2269 tu,
1094 2229 1147 2268 qui
1173 2227 1342 2260 macularis

910 2279 948 2311 In
972 2277 1034 2318 his,
1061 2285 1142 2317 quae
1166 2276 1218 2307 lex
1243 2275 1419 2318 prohibuit,

911 2324 1108 2366 Confitendo,
1136 2324 1220 2365 quod
1244 2323 1371 2366 polluit,

955 2373 1097 2407 Mundus
1123 2370 1283 2405 efficiaris.

1236 2426 1292 2457 10·
