1651 2606
770 91 1028 128 *133*

392 186 466 220 Sum
493 186 585 220 favus
610 189 692 229 ipsu,
718 190 781 221 mel
806 189 868 229 hic,
896 191 963 222 ovis
987 191 1068 230 ipsa,
1092 199 1191 230 agnus
1217 190 1279 232 hie,
1304 190 1376 231 ipsa

390 236 501 269 Massa
525 237 611 278 vitri,
637 236 731 269 iubar
755 237 817 278 hie,
845 246 904 269 arx
929 238 1000 278 ipsa
1025 237 1110 280 Sion,
1140 238 1247 271 David
1271 237 1325 269 hie
1349 240 1406 269 est.

389 283 502 316 Dulcis
528 293 596 325 ego,
622 285 723 324 magis
748 285 809 324 hic,
836 285 990 317 miserans
1017 294 1083 328 ego,
1110 285 1183 326 plus
1208 285 1271 325 hic,
1298 288 1421 317 amator

383 330 478 363 Pacis
504 340 573 373 ego,
601 331 695 365 dator
720 331 782 373 hio,
809 333 903 365 homo
928 341 1007 374 sum,
1034 333 1091 365 sed
1115 332 1209 365 homo
1233 332 1321 365 Deus
1347 335 1397 364 est
1419 333 1482 367 hic.

320 405 391 434 cod.
411 407 576 435 Londinen.
597 407 669 443 Reg.
691 406 708 434 7
728 407 754 434 A
775 407 827 435 VI.
848 415 923 436 saec.
945 405 1021 436 ²4l15.

637 544 701 576 132.
734 543 779 576 De
798 545 1046 579 Annuntiatione
1065 547 1153 579 BMV.

282 661 289 669 .
316 636 465 675 Laetare,
493 635 583 674 virgo
608 634 777 675 virginum,
943 636 997 669 10.
1025 636 1049 668 Ο
1077 637 1174 677 virgo,
1202 638 1305 678 inquit
1331 636 1472 677 Gabriel,

315 682 485 715 Trinitatis
511 681 698 721 triclinium,
1024 682 1098 716 Tibi
1124 684 1194 716 dico
1219 686 1415 726 mysterium,

316 731 404 770 Quae
427 729 565 770 genuisti
588 729 771 772 Dominum,
1025 731 1193 772 Concipies
1217 732 1416 774 Emmanuel,

317 778 455 811 Aeterni
478 778 581 819 patris
606 777 717 810 filium.
1021 778 1270 819 Redemptorem
1294 779 1447 813 fidelium.

280 864 287 871 .
313 835 420 875 Salve,
447 835 537 876 virgo
563 835 718 875 speciosa,
941 835 996 868 11.
1023 835 1162 876 Spiritus
1184 838 1397 880 superveniet,

315 883 417 923 Quam
441 882 595 916 salutavit
617 882 759 923 angelus,
1024 883 1214 916 Purifioator
1240 885 1393 925 cordium,

314 931 453 963 Dicens:
479 931 561 969 Ave,
588 931 739 970 gratiosa,
1023 930 1084 968 Qui
1107 933 1140 962 te
1167 932 1338 971 concipere
1362 931 1460 964 faciet

313 978 394 1018 Quia
418 981 523 1010 tecum
550 980 599 1010 est
622 977 788 1010 Dominus,
1022 977 1127 1009 Patris
1153 979 1275 1011 aeterni
1298 978 1410 1012 filium.

276 1059 283 1066 .
311 1036 430 1068 Tecum
455 1034 560 1075 inquit
585 1038 634 1066 est
657 1033 824 1073 Dominus,
940 1034 995 1067 12.
1023 1034 1148 1067 Sertum
1175 1039 1248 1068 tuae
1274 1037 1430 1068 castitatis

314 1083 481 1115 Caelorum
507 1091 575 1121 rex,
602 1091 666 1115 non
692 1082 782 1122 aliuS,
1021 1082 1096 1115 Erit
1120 1082 1206 1116 Deus
1233 1084 1418 1125 maiestatis,

312 1131 410 1163 Pater
435 1133 468 1162 et
490 1130 579 1162 Deus
603 1129 689 1162 filius
1023 1129 1108 1162 Dum
1134 1131 1196 1163 eris
1221 1131 1280 1163 filii
1305 1136 1419 1174 mater,

309 1179 417 1218 Atque
438 1179 605 1211 amborum
628 1176 771 1217 spiritus,
1023 1177 1119 1210 Cuius
1144 1188 1202 1211 rex
1229 1180 1309 1211 caeli
1334 1182 1381 1211 est
1406 1182 1509 1220 pater.

276 1260 283 1268 .
311 1235 408 1268 Pater
434 1238 483 1268 est
505 1239 610 1267 tecum
637 1232 831 1275 confortans,
940 1234 994 1268 13.
1022 1234 1099 1268 Mox
1125 1238 1161 1267 ut
1185 1235 1291 1268 Maria
1315 1235 1440 1268 audivit

311 1282 451 1323 Spiritus
477 1285 605 1315 sanetus
630 1282 866 1322 impraegnans,
1024 1281 1185 1315 Gabrielis
1212 1283 1380 1326 eloquium,

308 1330 414 1363 Filius
438 1329 502 1363 sibi
527 1330 665 1362 humana
1021 1329 1128 1362 Mater
1153 1339 1224 1363 esse
1249 1332 1432 1372 concupivit

308 1378 362 1411 Ex
385 1381 418 1410 te
443 1376 617 1410 aedificans
641 1378 793 1410 membra.
1020 1377 1248 1418 Redemptoris
1271 1378 1425 1413 fidelium¹

274 1461 281 1469 .
307 1436 405 1476 Ecce,
432 1436 533 1477 virgo,
557 1434 719 1476 concipies
938 1435 995 1469 14.
1020 1435 1117 1477 Ecce,
1142 1435 1272 1468 Domini
1296 1436 1423 1479 ancilla,

308 1483 384 1516 Sine
409 1484 517 1524 aliquo
542 1483 667 1523 pudore
1018 1483 1199 1525 Respondit
1224 1485 1312 1524 virgo
1340 1484 1481 1526 credula,

309 1531 354 1563 Et
378 1532 479 1563 lesum
507 1531 668 1564 Christum
693 1530 802 1571 paries
1019 1530 1095 1564 Fiat
1118 1532 1197 1563 mihi
1221 1532 1302 1564 illud
1330 1532 1462 1564 verbum

306 1580 440 1620 Absque
464 1579 571 1619 aliquo
598 1578 717 1611 dolore.
1020 1579 1201 1612 Secundum
1227 1588 1403 1612 sermonem
1428 1582 1527 1614 tuum.

273 1664 279 1670 .
306 1637 370 1671 Hio
396 1636 458 1669 erit
481 1636 544 1668 Dei
568 1636 663 1679 filius,
937 1636 990 1670 15.
1019 1636 1170 1677 Verbum,
1203 1638 1287 1677 quod
1312 1640 1406 1677 pater
1430 1638 1548 1678 genuit,

309 1685 479 1718 Caelorum
502 1694 571 1725 rex,
598 1694 661 1716 non
685 1684 777 1726 alius,
1019 1685 1134 1718 Statim
1161 1686 1201 1717 de
1227 1686 1314 1718 caelo
1339 1686 1475 1727 prodiit,

305 1733 352 1767 Et
378 1732 470 1766 dabit
494 1734 523 1765 ei
547 1732 704 1765 Dominus
1020 1733 1133 1767 Carnis
1157 1733 1290 1773 pallium
1314 1734 1421 1766 induit

306 1781 424 1815 Sedem
449 1781 571 1823 David,
598 1781 700 1820 patris
727 1781 804 1812 eine.
1016 1783 1067 1816 De
1092 1782 1222 1825 virgine,
1252 1791 1346 1823 quam
1372 1782 1525 1815 condidit.

270 1865 277 1873 .
304 1840 343 1873 Iu
371 1840 464 1872 domo
484 1839 582 1872 Iacob
607 1838 758 1879 regnabit
936 1841 991 1875 16.
1019 1839 1134 1873 Castae
1158 1840 1302 1879 parentis
1327 1840 1452 1871 viscera

303 1888 348 1921 Et
372 1889 501 1928 plebem
526 1896 616 1919 suam
641 1886 791 1927 salvabit,
1019 1887 1176 1921 Caelestis
1198 1888 1301 1920 intrat
1325 1888 1439 1932 gratia,

304 1936 451 1979 Regnum
477 1936 543 1968 eius
570 1936 690 1977 quippe
715 1934 815 1968 stabit
1024 1936 1140 1968 Venter
1166 1936 1292 1969 Mariae
1317 1935 1440 1967 baiulat

301 1984 347 2018 Et
370 1985 404 2018 in
428 1987 592 2017 aeternum
620 1982 759 2019 durabit.
1017 1984 1158 2029 Secreta,
1187 1993 1267 2025 quae
1291 1993 1353 2017 non
1378 1986 1521 2016 noverat.

266 2069 276 2079 .
306 2042 447 2083 Cumque
470 2041 579 2076 Maria
603 2041 757 2083 audisset,
936 2043 992 2077 17.
1018 2042 1117 2084 Virgo
1142 2046 1246 2074 mater
1270 2042 1440 2074 salvatoris

303 2092 392 2131 Quae
416 2089 549 2124 Gabriel
573 2090 784 2130 promisisset,
1017 2091 1073 2123 Fit
1098 2090 1167 2122 sine
1192 2093 1279 2123 tactu
1304 2089 1449 2130 pudoris,

301 2139 477 2181 Quomodo,
505 2138 619 2178 inquit,
646 2136 786 2170 fecunda
1018 2139 1136 2179 Fitque
1160 2139 1314 2178 templum
1340 2137 1493 2169 creatoris

301 2188 411 2222 Mater
437 2195 492 2219 ero
517 2190 550 2219 et
575 2185 740 2219 iucunda?
1017 2186 1139 2219 Domus
1163 2186 1274 2226 pudici
1297 2185 1446 2226 pectoris.

245 2272 275 2280 2.
304 2247 385 2287 Quia
410 2244 514 2278 virum
539 2252 700 2284 nunquam
726 2244 809 2282 novi,
936 2243 991 2279 18.
1020 2245 1044 2278 O
1070 2254 1122 2277 res
1148 2243 1243 2277 valde
1267 2241 1424 2275 mirabilis

298 2294 351 2328 Ex
377 2303 438 2335 quo
464 2303 484 2325 a
507 2292 578 2325 Deo
603 2300 674 2323 sum
700 2291 797 2332 facta,
1017 2293 1063 2326 Et
1088 2292 1247 2325 excellens
1273 2290 1470 2331 mysterium,

301 2343 366 2376 Sed
389 2341 608 2383 virginitatem
634 2341 707 2372 vovi
1017 2341 1151 2381 Quando
1177 2339 1296 2372 ancilla
1320 2338 1448 2371 humilis

299 2391 501 2432 Manensque
521 2389 612 2431 virgo
637 2389 769 2422 intacta.
1017 2390 1161 2422 Generat
1184 2388 1246 2420 Dei
1269 2385 1381 2421 filium.
