1651 2606
634 75 671 81 -
727 53 889 87 206-

515 147 583 180 200.
623 148 657 180 In
678 145 894 186 Assumptione
914 144 1000 177 BMV.

127 216 157 251 1.
185 218 284 259 Socie,
313 219 364 251 dic
389 222 421 251 et
446 219 583 259 declara,

181 266 267 305 Quae
291 270 342 298 est
365 267 427 299 ista
451 270 515 298 tam
538 263 729 306 praeclara?

182 314 249 346 Ista
273 314 330 346 illa
355 314 444 356 virga
467 314 562 355 Iesse,

182 362 279 401 Quam
303 362 500 402 praeclaram
526 361 618 393 decet
642 368 720 392 esse.

155 444 162 452 .
188 420 273 457 Quae
298 422 346 450 est
369 418 430 451 ista
455 418 549 450 stella
573 418 680 458 marie,

181 465 271 498 Luna
296 467 399 507 plena,
426 466 481 498 lux
505 464 646 497 solaris?

179 510 248 545 Ista
272 513 356 544 mitis
380 521 542 554 generosa,

181 560 257 592 Flos
284 560 409 601 regam,
436 568 570 593 vernans
594 568 677 592 rosa.

150 641 155 647 .
184 617 270 655 Quae
294 620 342 648 est
364 617 428 649 ista
450 617 656 659 progrediens

176 664 298 697 Mundo
323 665 405 696 sicut
429 665 476 697 sol
500 663 629 697 oriens?

178 710 267 743 Haec
292 714 341 743 est
364 712 463 754 virgo,
490 712 570 745 caeli
593 714 698 753 porta,

177 758 227 789 De
250 768 312 800 qua
334 759 452 792 mundo
477 759 534 792 lux
558 762 606 791 est
631 762 712 794 orta.

800 219 832 252 4.
859 216 946 256 Quae
969 219 1018 248 est
1042 218 1149 249 tantae
1173 216 1301 260 speciei,

799 419 830 451 5.

801 619 831 652 6.

857 264 911 296 Λᾶ
937 273 1030 304 quam
1057 267 1189 296 currunt
1212 273 1320 296 omnes
1338 264 1385 295 rei
1395 264 1411 295 ‘r

858 312 946 344 Haeo
973 314 1022 344 est
1045 312 1131 344 salus
1155 311 1353 344 infirmorum

856 359 902 392 Et
925 360 1066 392 solamen
1092 359 1288 392 miserorum.

858 418 944 457 Quae
969 420 1018 449 est
1040 417 1104 449 ista
1127 417 1182 450 lux
1207 418 1373 456 iustorum,

858 465 977 506 Saepta
1002 465 1107 497 choris
1133 463 1366 505 supernorum?

859 513 948 545 Haec
961 516 1018 553 est,
1033 522 1130 553 super
1143 521 1235 552 quam
1247 512 1413 553 splenduit

858 560 1026 602 Splendor,
1058 569 1148 601 quem
1175 564 1268 601 pater
1290 561 1408 603 genuit.

858 618 945 657 Quae
970 621 1018 650 est
1042 618 1105 651 ista
1127 620 1231 650 mater
1256 618 1348 661 alma,

857 666 944 705 Quae
966 664 1107 697 florescit
1130 666 1212 697 sicut
1237 664 1369 705 palma?

856 713 946 745 Haec
971 716 1020 744 est
1043 722 1117 745 rosa
1142 714 1327 756 venustatis,

858 760 956 801 Virgo
979 763 1083 793 mater
1107 761 1296 793 sanctitatis.

183 823 251 852 Cod.
274 824 480 853 Carolsmhan.
500 825 624 862 Augien.
644 823 691 854 36.
712 834 787 853 saec.
810 823 883 855 ²4l15.
910 840 949 846 —·
970 824 994 859 1,
1017 823 1035 854 3
1055 825 1118 853 Ista
1140 828 1184 853 est
1204 825 1267 854 illa.
1287 840 1324 844 —
1345 824 1371 859 2,
1392 824 1410 854 3

104 860 167 890 Ista
187 865 231 890 est
248 864 338 891 mitis.
361 877 398 883 --
419 863 590 891 Aufschrfft:
611 864 860 901 Interrogationes
879 863 1059 900 angelorum,
1080 865 1285 901 responsiones
1299 873 1409 892 eorum.

519 965 581 997 201.
614 965 649 996 In
668 965 883 1005 Assumptione
903 965 990 997 BMV.

123 1034 152 1067 1.
179 1034 326 1066 Thronus
351 1034 456 1067 David
483 1035 632 1078 elevatur,

177 1080 261 1112 Dum
284 1081 315 1112 in
342 1081 436 1113 caelis
463 1082 620 1114 exaltatur

227 1129 332 1168 Virgo,
357 1131 459 1161 mater
483 1130 621 1170 gratiae3

179 1175 298 1208 Mulier
313 1176 401 1217 haec,
425 1185 505 1216 quae
520 1179 725 1217 monstratur,

177 1223 304 1256 Amicta
327 1224 393 1255 sole
416 1224 542 1256 levatur

224 1270 271 1303 Ut
294 1271 416 1311 signum
439 1272 600 1304 victoriae.

145 1350 151 1357 .
178 1328 217 1360 In
242 1328 359 1367 templo
384 1328 592 1367 perennitatis

179 1373 302 1407 Levant,
326 1384 431 1407 arcam
456 1377 634 1408 sanctitatis

225 1422 383 1455 Caelestes
410 1423 578 1462 exercitus,

181 1469 267 1507 Quae
289 1469 358 1501 iure
381 1471 592 1503 maternitatis

181 1516 309 1548 Cunctis
333 1518 496 1556 praesidet
520 1518 620 1550 beatis

226 1565 412 1597 Fecundata
437 1565 577 1598 caelitus.

145 1646 152 1652 .
178 1620 221 1653 Et
244 1624 280 1652 ut
303 1620 364 1653 fuit
387 1621 474 1654 Deus
497 1622 589 1654 homo

179 1668 426 1701 Praecellentior
449 1670 481 1701 in
510 1670 601 1702 domo

225 1715 383 1756 Receptus
408 1725 466 1756 per
490 1718 653 1758 virginem,

797 1190 829 1221 4.

856 1035 909 1067 Sic
930 1037 1103 1068 excelsiore
1124 1036 1238 1070 throno

857 1083 1053 1116 Sublimatur
1078 1085 1145 1116 eius
1172 1085 1265 1125 dono,

903 1131 990 1171 Quae
1015 1132 1148 1164 lactavit
1167 1132 1337 1166 hominem,

856 1187 1018 1228 Numquid
1044 1188 1212 1229 Seraphim
1237 1190 1382 1231 miratur,

856 1235 947 1274 Quod
973 1235 1093 1268 femina
1117 1236 1320 1276 praeferatur

903 1283 1073 1316 lerarchiis
1098 1284 1267 1317 omnibus?

855 1330 908 1362 Sic
933 1332 965 1362 et
987 1332 1105 1363 mirans
1132 1334 1375 1376 contemplatur,

857 1378 923 1417 Quo
948 1378 1027 1410 haec
1050 1379 1120 1411 iure
1141 1380 1337 1420 provehatur

902 1426 981 1457 Tam
1007 1426 1140 1459 excelsis
1164 1427 1304 1461 sedibus,

821 1509 828 1516 .
857 1481 1130 1524 Contemplantur‚
1159 1487 1276 1524 quanto
1300 1486 1371 1517 iure

855 1530 1045 1571 veneretur,
1073 1532 1236 1571 geniturae

902 1577 984 1610 Suae
1008 1579 1116 1610 iuncta
1139 1579 1244 1620 lateri,

856 1625 914 1663 Qui
947 1634 1004 1657 uos
1036 1627 1147 1667 iungat
1170 1627 1281 1659 mortis
1308 1629 1407 1661 durae

855 1673 953 1705 Passo
978 1675 1139 1706 transacto
1167 1684 1279 1707 secure

903 1720 1027 1760 Spretis
1052 1723 1153 1762 portis
1178 1722 1286 1756 inferi.

483 1775 513 1807 6.
537 1775 639 1806 Huius
664 1775 748 1806 vitae
771 1785 812 1807 ne
835 1778 978 1818 procella

542 1822 609 1854 Nos
634 1822 828 1865 submergat,
851 1825 1023 1865 interpella

587 1870 730 1902 Iudicem
754 1871 903 1905 iustitiae.

183 1933 256 1959 Glm.
275 1933 426 1960 Monacen.
445 1934 494 1969 (ol.
513 1934 738 1971 Emmeramen.)
757 1933 795 1963 14
803 1933 860 1965 343
881 1940 951 1966 anni
972 1935 1054 1966 1351.

511 2026 579 2057 202.
614 2027 657 2058 De
676 2027 895 2068 Assumptione
915 2029 1002 2061 BMV.

333 2096 430 2136 Virgo
455 2105 570 2136 parens
596 2097 717 2138 triplici
741 2100 852 2131 mortis
877 2109 961 2133 nexu
986 2103 1117 2135 retineri

333 2144 405 2176 Non
429 2143 543 2183 potuit,
571 2145 712 2185 quamvis
734 2149 866 2180 naturae
891 2149 961 2189 lege
984 2151 1099 2185 soluta.

333 2191 433 2231 Mors,
458 2189 624 2224 infernalis
649 2194 747 2235 lacus,
773 2194 960 2230 incineratio
988 2198 1091 2230 carnis

334 2239 405 2271 Non
431 2239 589 2279 depressit
613 2249 691 2282 eam,
718 2243 792 2282 quia
816 2244 923 2276 vivere
950 2246 1106 2278 oredimus
1131 2248 1245 2289 ipsam.

332 2287 426 2319 Anne
449 2290 555 2327 potest
579 2289 668 2321 credi
694 2290 800 2322 divino
824 2300 955 2325 munere
979 2294 1084 2338 plena,

336 2334 473 2367 Pulchra
497 2336 548 2368 vel
574 2340 621 2368 est
645 2338 722 2378 tota,
749 2336 774 2370 si
799 2348 877 2380 pars
902 2341 986 2373 iacet
1009 2342 1213 2376 incinerata?
