1651 2606
694 48 951 82 „146—

179 150 209 182 5.
235 149 305 193 Eia,
336 149 431 189 digna
454 149 561 188 ubera,

282 196 380 229 Vobis
404 205 456 228 me
478 195 629 235 impendo

237 243 449 276 Protectionis
474 243 577 283 gratia

284 291 349 324 Sub
380 290 469 323 vobis
493 298 545 321 me
568 286 740 327 abscondo,

236 341 334 380 Rogo,
367 347 417 370 me
443 337 558 377 eripite

284 387 486 418 Trementem
510 382 658 422 fovendo,

238 435 267 466 A
294 433 438 465 districto
463 430 570 463 iudice

284 479 468 520 Benigniter
491 477 620 511 tuendo.

180 568 211 600 6.
237 567 261 599 O
286 565 359 597 Iesu
384 564 574 603 dulcissime,

287 613 386 643 Amor
410 611 524 643 mentis
549 611 631 649 piae,

238 660 332 692 Casto
358 662 450 690 natus
476 658 628 698 sanguine

283 706 423 749 Virginis
447 706 583 745 Mariae,

240 756 326 794 Quae
351 757 383 785 te
406 758 438 785 et
461 753 494 785 in
519 754 635 786 osculis

286 801 423 834 Strinxit
446 800 639 833 laetabunde

240 849 409 889 Gratisque
433 848 583 881 uberibus

284 897 431 929 Lactavit
454 896 603 929 iucunde.

510 984 541 1016 9.
568 982 744 1014 Benedicta
772 982 872 1014 ubera

861 145 892 177 7.
919 142 1099 175 Tremenda
1120 142 1240 175 iudicia

964 190 1036 224 Tua
1058 198 1247 234 expavesco,

919 239 973 270 Ad
998 240 1073 270 tuae
1098 238 1210 270 matris
1237 237 1343 270 dulcia

966 285 1078 318 Ubera
1097 286 1237 327 appello,

917 333 982 367 Ubi
1007 335 1079 365 tuus
1105 332 1223 365 feriens

963 381 1078 414 Mucro
1102 380 1266 421 religatur,

918 429 1033 469 Sicque
1056 437 1129 461 reus
1153 428 1284 461 latitans

967 476 1031 509 Sub
1055 476 1154 509 ubere
1179 477 1330 509 salvatur.

884 585 892 594 .
917 564 963 595 At
989 563 1016 594 si
1038 571 1089 595 me
1112 563 1152 595 ob
1180 562 1314 594 crimina

965 611 1086 644 Iustum
1111 611 1154 642 sit
1178 610 1294 650 puniri,

918 658 981 690 Per
1005 658 1115 691 matris
1140 666 1252 690 manus
1276 658 1401 699 punias,

965 705 1051 744 Quae
1075 708 1164 738 taxet
1188 715 1308 745 poenas
1332 706 1428 749 mihi3

917 753 997 794 Age,
1025 753 1126 786 dulcis
1153 753 1290 796 domina,

965 800 1038 833 Tibi
1066 803 1103 833 ut
1126 801 1288 834 condoner

919 849 969 880 Ac
993 851 1129 890 propter
1153 848 1347 891 peccamina,

966 895 1012 930 Ut
1035 897 1190 939 sanxeriS,
1216 894 1370 936 flageller.

626 1029 705 1070 Tua,
731 1028 790 1062 fios
815 1033 1006 1068 sanctorum,

553 1077 640 1116 Quae
666 1077 706 1109 de
729 1079 773 1118 te,
798 1077 1023 1117 pulcherrima,

627 1117 720 1157 Sfixit
743 1133 801 1157 rex
826 1125 994 1164 caelorum,

578 1172 657 1212 Fac,
686 1175 722 1205 ut
746 1173 815 1204 sine
839 1172 964 1204 macula

626 1220 665 1254 In
690 1228 786 1261 regno
810 1220 957 1260 polomm

581 1268 722 1300 Laudem
745 1267 825 1299 haec
847 1268 881 1299 in
902 1268 1031 1299 saecula

623 1314 668 1347 Et
691 1316 726 1347 in
747 1315 957 1347 saeculorum.

248 1399 318 1426 Ood.
341 1399 369 1427 S.
390 1399 469 1427 Petri
491 1399 624 1427 Salisbur
645 1408 688 1426 en.
710 1401 728 1428 b
747 1400 778 1427 H
798 1398 824 1428 3.
851 1407 926 1427 saec.
950 1397 993 1427 15,
1013 1399 1049 1426 Α.
1067 1413 1104 1418 -
1125 1399 1205 1427 Orat„
1225 1408 1278 1427 ms.
1298 1401 1340 1428 Te
1361 1401 1478 1428 urinum

170 1438 238 1464 anni
264 1435 344 1465 1470.
367 1436 439 1465 Clm.
457 1438 601 1465 Monacen
650 1435 738 1466 0020.
752 1438 785 1465 Β.
805 1452 844 1457 -—
864 1436 889 1472 1,
904 1436 922 1464 5
936 1437 960 1464 O
980 1438 1069 1465 beata
1086 1437 1212 1465 liberata
1228 1439 1262 1465 A.
1284 1453 1321 1456 —
1361 1458 1368 1471 ,
1383 1437 1400 1465 7
1414 1438 1478 1467 Usu

172 1477 269 1503 tamwn
288 1475 323 1502 A.
345 1489 382 1494 ——
402 1474 427 1511 5,
448 1474 465 1502 ’ἵ
486 1476 527 1503 Et
546 1475 678 1503 districto
699 1477 733 1503 A.

615 1624 678 1656 148.
707 1625 750 1656 De
771 1624 925 1657 Uberibus
945 1625 1032 1657 BMV.

189 1725 221 1755 1.
246 1722 372 1755 Mariae
395 1724 507 1755 matris
530 1723 727 1767 mammulae,

245 1771 390 1804 Nitentes
415 1771 502 1803 velut
525 1771 659 1809 faculae,

291 1818 360 1850 Lac
383 1817 449 1850 filio
473 1818 673 1858 praebentes

245 1865 381 1899 Ardoris
406 1868 480 1897 sunt
504 1866 706 1906 scintillulae,

247 1913 366 1953 Quibus
393 1913 539 1945 delentur
558 1913 701 1945 maculae

292 1961 397 1993 Odore
421 1961 613 1993 redolentes.

867 1726 901 1759 2.
927 1725 1024 1756 Velut
1046 1725 1132 1757 mala
1154 1725 1346 1766 punicorum

925 1772 1097 1813 Fragrant,
1124 1772 1241 1804 halitus
1266 1773 1400 1805 istorum

975 1821 1136 1860 Fugantes
1160 1821 1284 1852 hostem
1310 1829 1449 1863 saevum,

924 1868 1050 1899 Laxant
1074 1870 1164 1908 gesta
1187 1867 1411 1911 nefandorum,

924 1915 1055 1947 Stillant
1078 1918 1189 1948 nectar
1212 1925 1272 1956 per
1296 1925 1331 1948 os
1355 1915 1469 1950 florum

970 1963 1137 1997 salvantes
1161 1972 1220 1995 nos
1245 1972 1305 2004 per
1330 1973 1462 2005 aevum3

526 2048 557 2080 3.
583 2046 705 2079 Fluunt
728 2050 765 2078 ut
788 2048 863 2080 vitis
887 2049 1004 2088 pocula

586 2093 753 2127 Currentia
782 2105 841 2135 per
863 2096 968 2129 rivula

632 2142 778 2176 Summae
804 2143 943 2177 deitatis

249 2227 328 2254 Orat.
343 2236 395 2255 ms.
410 2227 440 2255 S.
455 2227 569 2255 Mariae
582 2228 619 2254 acl
634 2226 736 2256 scotos
751 2236 826 2256 saec,
843 2227 886 2257 15.
921 2229 990 2257 Cod.
1007 2229 1118 2259 Scotor.
1132 2231 1297 2259 vindobon.
1311 2228 1347 2259 55
1357 2239 1377 2267 g
1389 2229 1433 2259 14.
1447 2246 1479 2251 —

175 2264 204 2299 1,
226 2263 242 2292 1
271 2265 459 2294 mamillulae.
488 2281 525 2285 ——
551 2263 584 2299 2,
606 2264 622 2293 1
642 2266 720 2294 Font
743 2267 830 2295 mala.
856 2282 893 2286 —
918 2266 945 2302 2,
965 2266 984 2295 2
1004 2269 1115 2297 Fluunt
1138 2270 1179 2297 ali
1198 2270 1339 2305 ipsorum.
1361 2284 1396 2289 ——
1416 2268 1444 2305 2,
1465 2269 1485 2298 4

173 2305 302 2332 Lactans
321 2306 413 2341 gesta.
434 2318 470 2323 —-
491 2301 517 2338 3,
540 2303 555 2331 1
577 2304 665 2332 Flant
684 2307 718 2332 ut
736 2306 815 2333 vitis.
