1653 2608
157 166 214 200 26.

160 578 216 611 27.

158 990 217 1023 28,

160 1402 215 1435 29.

160 1814 215 1847 30.

157 2230 214 2265 31.

671 69 927 106 -159-

238 166 338 199 Modo
363 166 390 198 si
416 166 529 200 audire
551 169 600 201 vis

286 223 406 254 poenas
431 223 521 247 meae
545 217 670 256 mentis,

240 262 400 295 Crucifixo
423 262 491 295 filio

288 319 357 342 meo
384 311 596 352 condolentis,

241 358 408 390 Vanitates
436 358 526 391 abice

290 406 396 438 cordis
424 407 631 439 discurrentis

242 453 288 486 Et
310 454 450 486 lamenta
475 454 570 486 animi

292 502 334 534 da
359 502 590 541 compatientis.

243 578 319 612 Sine
342 577 429 621 fletu,
455 574 599 623 [anima‚]

291 627 370 658 haec
394 626 507 658 audire
531 626 606 668 noli,

242 673 308 708 Ubi
332 682 383 705 me
407 673 454 705 sic
479 673 617 713 compati

291 721 381 753 vides
406 729 496 753 meae
519 721 613 762 proli,

242 768 327 801 Vere
351 768 437 801 fudit
460 769 610 802 lacrimas

289 817 406 849 multas
430 816 534 849 factor
558 817 636 858 poli,

243 864 308 898 Ubi
333 868 468 899 mortem
492 865 623 898 sustulit

292 913 472 945 dominator
496 913 566 946 soli.

242 990 305 1030 En,
330 989 487 1030 imprimis
513 988 668 1029 adloquar

290 1040 322 1068 te
347 1035 553 1069 certificando

242 1085 294 1118 Ex
318 1084 387 1123 hoc,
415 1084 498 1124 quod
524 1087 560 1116 tu
586 1084 705 1124 cogitas

290 1132 331 1164 de
357 1140 407 1164 me
432 1131 615 1172 aliquando,

244 1180 277 1214 Si
304 1180 436 1220 cognovi
463 1179 594 1212 vulnera

293 1231 408 1260 cuncta
432 1228 638 1269 speculando,

243 1277 331 1316 Quae
355 1276 497 1315 suscepit
518 1274 604 1307 filius

290 1331 379 1355 meus
402 1323 581 1365 tolerando,

244 1400 344 1440 Scias,
373 1399 447 1440 quia
473 1399 565 1432 dolor
589 1407 640 1431 me

289 1448 325 1480 in
348 1450 472 1479 tantum
496 1446 673 1489 premebat,

243 1496 336 1537 Quod
359 1497 424 1528 vim
448 1494 518 1527 veri
544 1495 688 1535 corporis

291 1553 363 1577 cum
386 1552 483 1576 sensu
506 1543 646 1585 dolebat,

244 1592 308 1625 Sed
333 1592 506 1624 immensus
532 1590 591 1623 filii

289 1648 379 1672 amor
403 1648 454 1671 me
480 1638 613 1679 cogebat

244 1688 359 1721 Omnes
384 1696 502 1729 poenas
529 1696 668 1729 cernere,

291 1744 368 1776 quas
393 1736 465 1775 ipse
490 1734 625 1768 ferebat.

244 1813 386 1853 Cumque
410 1820 545 1853 poenam
571 1813 709 1852 aliquam

288 1860 404 1893 inferri
430 1860 607 1902 cernebam,

243 1910 326 1942 Tota
351 1909 442 1950 quasi
466 1909 604 1941 moriens

288 1967 362 1991 mox
389 1957 586 1997 deficiebam,

240 2006 304 2039 Sed
330 2006 447 2039 amoris
470 2005 592 2045 impetu

288 2054 397 2086 statim
421 2053 603 2087 revivebam

238 2103 284 2136 Et
308 2105 466 2135 tormenta
489 2102 550 2134 filii

286 2150 382 2185 avide
407 2149 566 2183 videbam.

241 2229 325 2261 Nam
348 2227 381 2260 in
409 2236 445 2260 eo
469 2236 574 2260 meum
600 2237 654 2261 cor

285 2281 387 2309 totum
412 2275 590 2315 habitabat,

236 2327 335 2367 Quem
360 2323 567 2357 ineffabiliter

284 2374 357 2417 plus
383 2382 478 2415 quam
503 2382 554 2405 me
579 2373 716 2415 amabat,

843 389 898 422 32.

842 799 897 832 33.

845 1210 901 1242 34.

844 1621 900 1653 35.

843 2036 896 2069 36.

923 168 1060 208 Idcirco,
1087 168 1171 208 quod
1197 167 1282 200 filius

970 225 1059 248 meus
1083 216 1252 260 tolerabat,

923 263 1202 296 Inconsolabililer

969 320 1073 344 mcum
1099 320 1153 343 cor
1178 311 1342 352 gravabat.

924 387 1006 420 Nam
1034 396 1101 419 cum
1129 396 1165 419 eo
1190 395 1292 418 meum
1314 393 1368 417 cor

975 436 1053 468 dure
1077 440 1125 467 est
1145 435 1289 476 ligatum,

925 483 1077 523 Colaphis
1103 486 1135 514 et
1158 483 1271 525 alapis,

970 534 1064 571 sputo
1088 531 1289 573 maculatum,

923 579 1053 612 Probris
1080 581 1111 610 et
1136 577 1340 617 blasphemiis

969 626 1107 667 illusum,
1131 628 1289 665 vexatum,

924 674 1051 714 Flagris
1078 674 1143 706 eius
1169 673 1290 714 asperis

973 723 1106 754 multum
1133 724 1367 754 tormentatum.

927 798 1003 830 Cum
1030 800 1104 830 nato
1130 802 1163 830 et
1186 806 1240 830 cor
1265 805 1367 829 meum

973 845 1073 885 spinis
1098 848 1292 885 coronatum,

925 893 1020 933 Ligni
1046 893 1148 925 crucis
1172 894 1316 932 pondere

972 949 1078 972 secum
1104 944 1278 978 oneratum,

926 988 979 1020 Ad
1002 988 1107 1019 locum
1131 988 1290 1020 calvariae

972 1044 1042 1067 cum
1067 1035 1136 1075 ipso
1162 1037 1345 1073 tractatum,

926 1083 1003 1116 Eius
1028 1087 1106 1123 potu
1131 1082 1238 1114 fellico

975 1133 1024 1163 est
1047 1131 1261 1163 amaritatum.

927 1208 1006 1242 Cum
1029 1207 1151 1248 maguis
1175 1206 1337 1239 doloribus

973 1255 1040 1288 vidi
1066 1256 1246 1295 spoliatum,

927 1303 1073 1336 Delicato
1099 1305 1251 1344 sanguine

974 1354 1075 1384 totum
1101 1353 1309 1391 cruentatum,

929 1400 1005 1433 Cum
1032 1407 1067 1431 eo
1093 1401 1125 1430 et
1151 1407 1205 1430 cor
1229 1407 1331 1429 meum

972 1450 1098 1479 tensum
1124 1450 1156 1478 et
1181 1447 1349 1485 clavatum,

928 1495 1022 1535 Ecce,
1049 1494 1139 1527 vides
1163 1503 1268 1526 meum
1294 1502 1348 1525 cor

972 1545 1074 1575 totum
1097 1543 1281 1576 laceratum.

927 1620 1162 1660 Contemplare
1189 1619 1303 1659 anima,

972 1676 1076 1699 meum
1102 1676 1156 1699 cor
1181 1668 1338 1700 clavatum

925 1717 970 1749 Et
994 1725 1066 1748 cum
1089 1724 1160 1748 meo
1185 1715 1251 1747 filio

973 1772 1070 1804 saepe
1094 1763 1304 1805 perforatum,

925 1812 989 1845 Sed
1014 1812 1091 1844 mihi
1118 1815 1167 1844 est
1190 1812 1326 1844 maxime

973 1864 1059 1892 metu
1085 1869 1140 1893 cor
1164 1862 1339 1902 gravatum,

925 1910 1015 1949 Quod
1039 1917 1103 1941 non
1130 1913 1179 1941 est
1202 1907 1368 1948 suppliciis

970 1956 1020 1989 his
1047 1956 1114 1988 vita
1138 1956 1309 1996 privatum.

924 2034 988 2067 Sed
1011 2033 1244 2067 inenarrabiles

971 2091 1094 2122 poenae
1115 2090 1166 2114 me
1191 2080 1391 2121 torquebant,

924 2131 1057 2171 Quando
1085 2139 1210 2163 crucem
1232 2129 1322 2169 impii

972 2187 1097 2212 sursum
1124 2178 1296 2219 erigebant,

927 2227 1010 2260 Nam
1034 2235 1105 2259 cum
1128 2229 1218 2258 tanto
1243 2228 1365 2266 impetu

971 2278 1059 2308 stare
1084 2273 1246 2307 faciebant

923 2324 969 2356 Et
993 2323 1201 2356 ineffabiliter

971 2376 1080 2405 natum
1106 2368 1312 2412 adfligebant.
