1653 2608
654 71 911 109 —157—

142 170 174 203 5.
202 167 266 201 Sed
291 169 467 210 respondes
493 168 637 211 forsitan,

249 226 300 248 me
324 225 388 249 non
413 226 483 250 esse
507 219 614 260 talem,

203 264 262 297 Gui
286 265 369 297 hanc
392 266 559 299 materiam

250 313 373 345 reveles
397 313 574 354 poenalem,

200 360 320 400 Meque
339 361 401 393 tuis
426 361 546 393 ultimis

251 408 352 440 servis
376 418 441 441 non
466 409 641 449 aequalem,

201 455 250 488 Ut
272 459 382 496 petam
406 456 490 489 hanc
514 457 649 497 gratiam

251 512 271 536 a
293 507 327 536 te
351 505 540 545 spiritalem.

146 601 178 633 6.
204 599 276 632 Scio
302 608 388 639 vere,
415 600 553 643 domina,

251 656 302 679 me
326 647 492 689 indignum
519 656 599 687 esse,

205 694 268 728 Sed
296 694 372 736 quid
398 696 561 728 accusanti
586 705 621 728 se

246 743 366 784 poterit
391 741 527 775 obesse?

200 790 248 823 Te
272 799 331 830 pro
355 795 430 823 nato
455 791 609 831 supplico,

255 839 345 880 virgo
371 839 482 879 stirpis
507 839 604 878 Iesse,

208 886 251 919 Ut
274 889 309 918 tu
334 887 412 918 meis
436 886 586 927 precibus

255 934 396 976 digneris
421 935 545 968 adesse.

172 1117 203 1149 9.
229 1116 291 1155 En,
317 1114 377 1147 tibi
403 1114 556 1148 confiteor

273 1172 365 1195 omne
391 1163 510 1195 crimen
534 1173 649 1203 meum,

228 1212 267 1243 In
292 1212 432 1252 peccatis
459 1211 604 1243 omnibus

279 1258 383 1291 fateor
406 1267 457 1291 me
481 1268 580 1299 reum,

230 1308 267 1340 In
293 1307 406 1347 quibus
432 1308 595 1348 cognoscis
619 1316 670 1340 me

271 1355 442 1387 offendisse
466 1354 580 1396 Deum,

231 1403 278 1435 Ut
302 1406 335 1435 et
355 1403 427 1443 ipse
450 1402 553 1435 salvet
576 1412 635 1447 me,

275 1460 374 1492 prece
400 1459 476 1491 coge
498 1459 578 1484 eum.

147 1550 202 1583 10.
229 1547 367 1581 Peccavi
391 1546 553 1588 superbia,

279 1595 478 1640 cogitatione,

228 1644 318 1687 Visu,
345 1642 454 1686 verbo,
481 1652 579 1683 opere

279 1694 312 1723 et
335 1690 515 1729 omissione,

231 1739 344 1779 Gustu,
370 1742 469 1779 tactu,
495 1740 617 1779 auditu,

277 1787 475 1829 odoratione,

229 1836 333 1869 Multa
355 1836 559 1877 negligentia,

279 1884 501 1919 delectatione,

148 1982 203 2015 11.
229 1981 357 2022 Deliqui
381 1981 505 2015 malitia

277 2032 309 2062 et
333 2038 486 2070 perverso
511 2038 608 2073 more,

228 2078 266 2111 In
291 2077 354 2111 Dei
379 2080 410 2110 et
435 2077 573 2118 proximi

276 2125 402 2158 modico
424 2134 540 2164 amore,

228 2176 333 2218 me,
361 2173 507 2214 avaritia,

275 2224 325 2256 ira
351 2225 382 2254 et
405 2222 518 2261 livore,

229 2271 314 2306 Gula
339 2274 371 2304 et
395 2270 517 2313 acedia,

276 2320 363 2360 odio,
389 2323 531 2361 torpore.

765 1037 810 1071 Π.

828 171 858 205 7.

832 1114 886 1148 12.

833 1548 887 1580 13.

834 1981 888 2013 14.

885 170 950 203 Sed
978 170 1057 202 dicis
1082 180 1145 203 non
1170 170 1276 203 omnia

932 226 983 250 me
1008 218 1102 250 fateri
1128 227 1212 258 vere,

886 266 963 307 Nec,
990 267 1073 298 sicut
1096 266 1305 306 peccaverim,

934 323 1082 354 promere
1106 313 1239 356 sincere,

886 362 1038 395 Oblivisci
1062 361 1207 403 plurima,

935 409 1089 449 quaedam
1111 410 1256 448 reticere,

888 457 957 489 Nec
980 458 1111 491 vitando
1138 457 1271 489 crimina

936 505 1019 538 bene
1041 506 1215 545 paenitere.

854 627 862 634 .
887 601 972 642 Heu,
997 603 1098 634 mater
1124 601 1322 642 clementiae,

935 648 1014 680 haec
1038 651 1111 681 sunt
1137 649 1217 681 dura
1241 648 1350 690 verba,

889 696 984 737 Quae,
1011 697 1092 736 proh
1119 697 1218 740 dolor,
1247 706 1322 729 vera
1344 698 1429 736 sunt,

936 744 1014 776 licet
1037 744 1103 776 sint
1127 744 1253 784 acerba,

890 791 972 824 Nam
998 792 1123 832 nudari,
1149 792 1231 824 sicut
1257 793 1314 834 est,

936 849 998 871 non
1027 840 1097 873 vult
1119 848 1208 872 mens
1233 839 1381 881 superba,

890 886 954 918 Sed
978 890 1012 918 te
1036 896 1122 928 rogo,
1150 896 1227 919 sana
1252 896 1312 927 me,

939 943 957 965 0
982 935 1093 967 salutis
1118 935 1227 967 herba.

913 1115 1002 1147 Haec
1027 1114 1085 1147 tibi
1112 1114 1263 1148 confiteor

962 1166 994 1195 et
1017 1163 1225 1202 omnipotenti

915 1210 958 1243 Et
982 1214 1163 1243 sanctorum
1190 1212 1293 1243 coetui

962 1258 1123 1291 vobiscum
1150 1259 1300 1302 manenti,

915 1306 1080 1346 Deprecor
1105 1307 1144 1338 ob
1170 1307 1316 1338 meritum

965 1354 1065 1386 divini
1087 1355 1248 1395 tormenti,

915 1401 1046 1434 Salvate
1072 1401 1264 1442 culpabilem

961 1450 1124 1490 parcendo
1148 1450 1281 1490 petenti.

913 1546 1010 1587 Ecce,
1035 1546 1138 1587 qualis
1163 1544 1268 1578 faetus
1295 1555 1364 1578 sum

962 1603 1060 1634 saepe
1085 1594 1309 1636 delinquendo,

915 1642 989 1675 Tibi
1013 1643 1253 1682 aliquantulum,

962 1700 980 1722 o
1007 1691 1156 1733 elemenS,
1182 1690 1327 1732 ostendo,

915 1738 989 1770 Mea
1014 1739 1098 1771 mala
1122 1739 1228 1771 omnia

963 1787 1023 1819 tibi
1048 1795 1132 1819 nunc
1157 1787 1352 1826 commendo,

917 1835 961 1868 Ut
986 1839 1020 1867 tu
1044 1836 1116 1875 ipsa
1140 1835 1245 1868 salves
1270 1844 1321 1867 me

964 1892 1001 1916 ea
1026 1882 1212 1919 auferendo.

915 1980 989 2020 Sed,
1017 1980 1093 2020 quid
1118 1989 1178 2021 ago
1204 1979 1346 2012 referens

963 2028 1075 2060 sordes
1101 2027 1265 2061 foeditatis

915 2077 969 2109 Ad
995 2077 1140 2109 auditum
1165 2075 1298 2117 virginis

963 2134 1105 2157 summae
1130 2124 1298 2164 puritatis!

914 2173 1087 2213 Horresco,
1115 2172 1316 2205 sanctissima

963 2224 1067 2254 mater
1089 2220 1230 2261 pietatis,

916 2271 986 2304 Ista
1008 2270 1097 2311 loqui
1120 2267 1251 2302 auribus

961 2318 1026 2351 tuis
1053 2317 1201 2350 illibatis
