1651 2606
637 90 896 127 -2-108—

127 194 161 228 7.
185 193 389 235 Benedictus,
418 191 473 233 qui
496 191 624 231 venisti,
810 189 865 221 10.
891 188 963 227 Eia,
988 186 1053 220 fide
1077 190 1168 220 reeta
1190 190 1272 228 rata,

186 240 362 273 Crucifixus
388 240 440 280 qui
466 239 555 271 fuisti
894 235 1035 268 Caritate
1056 234 1230 267 informa-ta

232 289 271 321 In
295 289 427 320 salutem
453 286 574 328 populi,
938 282 1007 315 Fae
1033 291 1091 316 nos
1115 283 1148 314 in
1173 285 1207 314 te
1232 282 1375 319 eredere,

185 336 281 376 Ecce,
307 335 369 367 Dei
394 334 543 369 salutare,
891 330 1011 362 Mentis
1037 338 1138 370 purae
1163 340 1233 362 cum
1258 329 1387 362 fervore

185 383 281 424 Ecce,
307 381 416 414 mundi
440 380 597 412 luminare
891 377 1076 418 Depuratae
1099 377 1133 409 in
1159 378 1270 410 dolore

230 430 353 462 Vident
375 428 436 460 mei
462 427 555 460 oeuii.
939 424 1044 465 Digne
1071 425 1111 456 da
1135 428 1169 457 te
1193 433 1330 457 sumere.

129 498 160 531 8.
188 496 314 528 Summe
336 495 433 534 Deus,
459 496 492 525 te
515 493 692 535 laudamuS,
812 492 867 526 11.
894 493 974 535 Age,
1001 492 1055 532 pie
1079 492 1153 524 Iesu
1179 492 1316 530 Christe,

188 543 426 575 Sacramentum
451 541 621 572 adoramus
891 539 940 572 Ut
962 539 1098 572 viieseat
1118 540 1257 572 mundus
1281 540 1345 571 iste

237 590 364 622 Summo
391 588 477 619 cultu
501 588 626 627 latriae,
943 586 1021 620 Cum
1047 588 1316 627 concupiscentia,

187 636 415 677 Supplicesque
440 631 504 679 [te]
528 643 686 675 rogamuS,
892 635 1019 666 Mentes
1044 638 1170 667 nostras
1191 635 1227 666 iu
1250 638 1283 667 te
1308 635 1397 672 siste,

189 684 322 715 Praesta
344 682 447 724 nobis,
474 686 510 714 ut
532 683 676 715 vivamus
895 681 1042 714 Gloriose
1066 683 1141 716 Iesu
1168 682 1305 722 Christe,

237 731 335 772 1uste‚
361 731 425 770 pie,
451 730 566 762 sobrie.
943 729 1061 762 Sancta
1084 730 1285 763 eucharistia.

132 799 163 831 9.
188 796 262 828 Iesu
286 796 421 836 Christe,
448 799 480 828 te
504 796 668 836 pulsantes
813 797 867 829 12.
894 796 963 828 Fae
986 806 1044 828 nos
1066 796 1100 828 in
1126 799 1158 828 te
1182 797 1416 836 transformari,

188 843 232 875 Et
256 853 315 884 pro
340 844 404 876 suis
429 842 609 884 flagitantes
893 844 1061 875 Voluntati
1086 843 1279 876 conformari

235 891 323 923 Audi
347 890 553 930 facinoribus,
943 890 1030 923 Tuae
1055 894 1110 922 tua
1134 892 1247 931 gratia,

190 938 264 970 Iure
288 939 314 970 si
338 939 386 971 vis
410 947 604 979 oppugnare,
894 938 961 970 Iter
986 939 1075 978 sequi
1101 937 1154 970 fae
1178 939 1306 971 virtutis

189 985 381 1018 Peccatores
403 985 544 1017 liberare
893 985 940 1017 Et
959 985 994 1018 in
1019 986 1142 1018 actibus
1168 987 1280 1018 salutis

238 1033 313 1072 Quis
338 1035 444 1072 potest
469 1042 486 1064 e
507 1031 676 1065 manibus?
943 1034 994 1065 Da
1015 1035 1301 1074 perseverantiam.

528 1099 643 1131 Finem
666 1099 784 1131 bonum
809 1103 940 1140 praesta
963 1100 1068 1137 nobis,

528 1146 597 1178 Abs
622 1150 754 1187 peccato
779 1147 861 1179 mori
886 1148 1007 1189 quoviS,

577 1194 628 1226 Da
651 1199 725 1233 post
749 1195 834 1227 vit-ae
858 1195 1003 1235 gloriam.

197 1267 276 1295 Orat.
298 1276 350 1295 ms.
370 1267 557 1296 Lehninense
578 1269 648 1295 anni
670 1266 752 1296 1518.
793 1269 864 1297 Cod,
883 1270 1043 1298 Berolinen
1062 1270 1100 1298 4ο
1119 1269 1165 1298 29.

565 1378 611 1409 99.
641 1378 685 1409 De
707 1379 838 1419 Corpore
859 1379 985 1412 Christi.

136 1460 167 1491 1.
195 1459 273 1502 Ave,
301 1459 383 1501 vale,
410 1467 428 1490 ο
454 1459 551 1491 vitale
818 1461 848 1492 3.
875 1460 955 1503 Ave,
982 1461 1065 1502 Iesu,
1091 1461 1125 1492 in
1149 1462 1211 1495 hoe
1237 1471 1301 1507 esu,

198 1505 443 1548 Sacramentum,
479 1515 539 1546 quo
566 1508 747 1538 contentum
876 1507 963 1540 Deus
989 1517 1082 1540 verus
1109 1512 1141 1540 et
1164 1511 1317 1552 sincerus,

240 1553 303 1585 Est
332 1553 447 1585 donum
473 1552 650 1593 mirificum,
922 1555 1027 1588 Homo
1054 1565 1123 1589 esse
1147 1557 1299 1601 crederis,

197 1599 284 1631 Caeli
307 1601 399 1640 panis
420 1604 547 1632 sanetus
573 1601 668 1641 sanis,
873 1601 942 1634 Nee
966 1602 1019 1635 hie
1042 1606 1146 1635 tamen
1173 1605 1276 1639 solus:
1303 1604 1430 1640 flamen.

193 1647 338 1679 Priscum
362 1657 489 1688 manna,
513 1646 616 1680 fluens
633 1656 745 1689 canna,
875 1649 924 1681 On
948 1653 982 1682 et
1004 1654 1098 1690 pater
1123 1660 1194 1684 eum
1216 1655 1260 1697 te,
1286 1654 1399 1695 frater,

240 1695 427 1735 Sanguinem
454 1694 622 1728 vivificum.
921 1697 984 1730 Est
1004 1700 1097 1731 unius
1122 1698 1274 1735 foederis.

134 1763 167 1793 2.
193 1761 273 1795 Ave⁴
299 1770 379 1801 agne
401 1761 465 1794 Dei
487 1771 610 1802 magne,
816 1765 849 1797 4.
875 1764 955 1806 Ave,
981 1765 1042 1798 tibi
1065 1766 1119 1798 hie
1143 1770 1177 1799 et
1199 1767 1246 1799 ibi

192 1807 420 1840 Holocaustum
446 1818 521 1841 vere
546 1808 695 1850 faustum,
875 1810 984 1844 Sancti
1009 1816 1125 1855 astant,
1161 1815 1215 1855 qui
1241 1815 1408 1849 devastant

238 1856 292 1887 Ad
318 1857 446 1895 quaevis
470 1856 641 1898 sufficiens,
923 1861 1051 1903 Hostes,
1077 1870 1135 1893 rex
1160 1861 1305 1903 pacifice,

193 1903 252 1942 Qui
275 1904 308 1935 in
336 1912 437 1936 crucls
459 1913 546 1935 ramo
571 1905 669 1936 trucis
873 1906 1050 1948 Dirigendo
1077 1911 1109 1940 et
1132 1908 1281 1952 fovendo,

193 1951 372 1982 Immolaris
399 1953 431 1982 et
454 1952 614 1992 mactaris,
876 1954 915 1986 In
939 1955 1001 1987 hoo
1024 1957 1092 1988 salo
1115 1966 1167 1989 me
1191 1966 1211 1990 a
1233 1960 1317 1992 malo

243 1999 268 2030 O
293 1996 364 2030 fons
389 1998 585 2032 indeficiens.
923 2002 1042 2035 Libera
1065 2005 1245 2045 magnifice.

474 2067 505 2098 5.
531 2066 612 2106 Ave,
638 2074 711 2098 earo
738 2076 812 2099 cara
832 2077 940 2111 gnaro,

533 2113 615 2156 Ave,
641 2115 768 2155 sanguis
795 2115 924 2156 Christi,
950 2118 1061 2157 anguis

580 2161 713 2193 Hostem
737 2171 855 2195 necans
881 2164 1025 2204 lividum,

532 2207 605 2239 Hae
627 2207 719 2241 finita
739 2219 811 2242 mea
834 2212 902 2244 vita

534 2255 590 2287 Me
616 2255 748 2296 dignare
771 2267 846 2291 mox
870 2268 986 2292 vocare

582 2304 637 2336 Ad
662 2306 695 2335 te
719 2305 818 2337 solem
843 2306 995 2341 vividum.

202 2378 290 2407 Scala
310 2379 394 2407 Caeli
414 2387 490 2408 saec.
513 2377 556 2406 14.
578 2387 621 2407 ex.
663 2379 734 2408 Cod.
753 2380 877 2418 Pragen.
899 2382 975 2411 XIII
993 2384 1020 2411 E
1041 2382 1068 2413 3.
1088 2400 1127 2406 —-
1148 2384 1172 2420 1,
1196 2384 1210 2414 1
1232 2387 1304 2423 Ave,
1325 2390 1416 2418 salve.
