1651 2606
147 1719 203 1753 10.

145 1959 201 1993 15.

144 2200 200 2233 20.

684 98 917 141 *371-

212 198 329 232 Verbis
355 200 482 240 saepius
509 202 639 234 excedo.

210 246 314 279 Dulce
338 256 455 280 manna
479 257 606 289 semper
632 250 701 293 edo,

210 293 290 327 Cum
314 298 347 326 te
373 304 499 328 sumens
525 300 613 329 recte
639 297 745 337 credo,

209 341 274 373 Fer
299 351 401 387 opem,
428 343 490 375 tibi
513 352 563 375 1118
589 345 682 385 dedo,

208 388 332 421 Fremit
348 390 494 428 mundus,
515 393 618 424 saevit
632 393 764 434 praedo,

211 436 324 469 Carnis
351 437 517 470 blanditur
541 439 697 479 putred03

209 483 303 516 Hanc
327 488 461 525 pestem,
486 485 570 525 Iesu,
597 486 651 518 vix
676 486 764 527 sedo,

211 531 297 564 Seda
322 533 367 573 tu,
393 532 544 564 mundum
570 541 609 565 ex
634 531 739 574 foedo,

208 580 335 618 Agnum
361 578 482 611 faciens
509 588 548 611 ex
573 580 686 614 hoedo.

173 659 180 666 .
208 635 246 667 In
275 635 403 667 diversa
426 634 520 668 flecto
545 639 695 680 mentem,

206 683 245 714 In
270 683 413 715 conclavi
437 682 633 717 residentem

208 729 311 762 Cerno
336 730 493 770 virginem
521 731 694 771 decentem,

205 776 362 809 Mundam
387 778 539 810 mundum
565 778 748 823 fugientem,

206 825 337 858 Partem
363 825 478 857 bonam
504 826 682 867 eligentem,

205 873 243 904 In
269 881 410 912 superna
434 882 493 912 spe
517 874 720 916 tendentem3

204 920 363 959 Angelum
389 921 491 952 cernit
514 924 726 961 praesentem,

206 966 345 999 Verbum
372 968 465 1000 dulce
488 971 731 1009 proponentem,

207 1014 270 1047 Sed
296 1015 427 1046 attende
452 1016 698 1054 respondentem

204 1061 250 1093 Et
274 1062 423 1093 ancillam
449 1071 484 1093 se
509 1062 672 1103 fatentem,

208 1126 278 1155 Cod.
300 1127 508 1163 Cantabrigen.
529 1127 583 1163 Gg.
606 1128 657 1157 VI.
677 1127 724 1156 42,
747 1137 823 1156 saec.
848 1126 891 1156 13.

838 828 891 862 10.

918 202 1022 234 Dictis
1046 202 1142 235 fidem
1167 202 1383 237 adhibentem.

920 250 1186 283 CernoChristum
1194 251 1448 292 descendentem,

919 297 1010 330 Servi
1035 296 1170 330 formam
1195 299 1392 338 induentem,

918 344 1020 377 Deum
1046 354 1139 377 cerno
1165 347 1354 388 vagientem,

920 393 1056 425 Fontem
1083 392 1166 425 vitae
1192 393 1363 433 sitientem,

924 440 1017 471 Veste
1041 441 1140 472 solem
1164 440 1369 481 indigentem,

920 487 1026 520 Vitam
1050 496 1144 519 cerno
1168 488 1366 527 morientem,

922 534 985 567 Sed
1012 543 1149 575 agnosco
1174 538 1393 576 resurgentem

918 582 964 613 Et
989 590 1059 614 cum
1085 582 1150 615 suis
1177 586 1427 621 convescentem,

919 628 1046 661 Dehinc
1071 630 1174 662 caelos
1199 630 1433 670 ascendentem,

919 675 999 709 Suos
1024 685 1131 709 secum
1154 677 1376 718 adducentem,

918 724 982 756 Pro
1006 724 1098 756 nobis
1123 724 1385 766 intercedentem,

919 771 991 803 Suis
1017 780 1110 810 opem
1136 770 1362 805 conferentem.

921 828 988 866 Quo
1003 829 1189 868 praecessit,
1207 838 1266 861 nos
1275 837 1451 872 sequemur⁷

920 874 954 906 Si
979 878 1084 907 tamen
1109 876 1197 915 sequi
1223 885 1399 917 meremur3

919 922 1031 961 Igitur,
1058 925 1094 953 ut
1116 923 1302 964 exaltemur,

918 968 1029 1012 Decet,
1056 972 1093 1000 ut
1115 969 1336 1009 humiliemur3

918 1015 971 1047 Sic
995 1016 1042 1048 sic
1068 1016 1230 1049 Christum
1257 1017 1426 1060 imitemur,

917 1063 963 1095 Ut
989 1072 1059 1095 cum
1083 1065 1154 1104 ipso
1181 1073 1378 1098 coronemur.

608 1220 655 1251 29.
689 1221 733 1251 De
753 1220 830 1252 Vita
854 1219 978 1252 Christi.

227 1291 308 1328 Ave,
336 1290 423 1322 salus
447 1293 578 1323 nostrae
602 1292 682 1332 spei,

227 1338 301 1370 Iesu
327 1337 466 1379 Christe,
491 1337 539 1370 fili
563 1338 635 1379 Dei,

226 1384 288 1423 Qui
315 1386 355 1417 de
381 1385 468 1417 caelo
496 1386 701 1427 descendisti,

227 1433 394 1466 Incarnari
422 1433 495 1466 dum
522 1433 666 1473 coepisti.

194 1507 200 1514 .
227 1480 279 1513 Ab
305 1481 419 1519 angelo
443 1482 619 1522 nuntiatus,

226 1527 279 1561 Ex
303 1528 425 1561 intacta
450 1531 553 1561 matre
577 1532 680 1568 natus,

227 1577 266 1609 In
290 1576 459 1617 praesaepi
487 1576 673 1618 reclinatus,

227 1623 360 1664 Absque
382 1624 475 1656 domo
500 1624 690 1664 hospitatus.

227 1671 278 1704 Tu
302 1681 323 1703 a
345 1672 447 1712 magis
472 1673 625 1704 adoratus

228 1718 275 1752 Et
298 1720 331 1751 in
357 1719 477 1760 templo
502 1722 736 1763 praesentatus,

229 1767 268 1799 In
293 1767 476 1807 Aegyptum
504 1776 537 1799 es
562 1766 702 1810 fugatus,

226 1815 306 1847 Post
329 1814 494 1848 Herodem
519 1817 687 1848 revocatus

225 1862 271 1895 Et
291 1866 329 1895 ut
347 1862 442 1896 homo
467 1867 684 1904 conversatus,

226 1912 264 1944 In
290 1911 430 1943 Iordane
455 1911 646 1953 baptizatus,

224 1961 254 1992 A
284 1959 433 1991 columba
456 1962 666 1999 protestatus,

228 2008 307 2039 Post
330 2007 452 2042 ieiunas
478 2010 515 2039 tu
539 2010 724 2048 temptatus,

228 2055 294 2087 Sed
318 2063 519 2096 nequaquam
543 2058 724 2096 superatus,

229 2102 282 2135 Ab
308 2103 430 2143 angelis
456 2104 664 2143 ministratuS,

227 2153 306 2184 Post
328 2152 410 2183 haec
433 2151 516 2184 mira
540 2155 701 2192 operatus,

228 2199 451 2232 Praedicando
478 2198 638 2245 fatigatus,

227 2247 299 2287 Siti,
326 2247 412 2280 fame
436 2250 616 2280 maceratus

223 2296 267 2328 Et
292 2305 312 2328 a
337 2296 447 2328 multis
474 2295 697 2337 exprobratus,

225 2344 404 2377 Adorando
430 2346 615 2376 cruentatus

224 2392 269 2425 Et
293 2402 314 2425 a
339 2392 420 2426 Iuda
444 2392 665 2432 venumdatus,

836 1292 893 1325 25.

835 1529 890 1562 30.

834 1768 890 1801 35.

835 2008 891 2041 40.

835 2249 890 2281 45.

919 1291 971 1323 Ab
995 1291 1112 1331 iniquis
1137 1294 1304 1324 accusatus

916 1338 960 1370 Et
983 1339 1100 1371 iniuste
1123 1339 1293 1378 iudicatus,

916 1386 1047 1426 Absque
1073 1395 1169 1418 causa
1195 1387 1431 1426 condemnatus,

918 1433 1047 1474 Caesus,
1074 1436 1196 1476 sputus,
1225 1434 1382 1474 alapatus,

914 1482 954 1514 111
981 1482 1121 1513 derisum
1144 1484 1351 1521 purpuratus,

915 1529 966 1561 De
990 1529 1115 1569 spineto
1143 1532 1321 1569 coronatus,

917 1576 1009 1609 Genu
1032 1574 1117 1609 flexo
1142 1577 1305 1617 adoratus,

914 1624 966 1657 Ab
992 1623 1123 1656 Herode
1147 1624 1348 1663 subsanatus,

917 1672 1109 1706 Iudaeorum
1134 1681 1193 1704 rex
1215 1677 1358 1711 vocatus,

916 1720 953 1753 In
980 1720 1125 1752 columna
1148 1718 1338 1761 flagellatuS,

914 1767 1003 1800 Ecce
1026 1767 1120 1800 homo
1145 1768 1390 1806 demonstratus,

919 1814 1052 1847 Crucem
1076 1815 1163 1848 ferre
1189 1819 1359 1847 coartatus.

916 1863 1011 1896 Hanc
1035 1862 1170 1895 ferendo
1195 1872 1229 1895 es
1252 1863 1402 1903 lassatus,

920 1909 1096 1944 Crucifixus
1121 1915 1153 1942 et
1175 1913 1309 1952 artatus,

916 1959 989 1992 Hac
1010 1960 1045 1991 in
1071 1967 1166 1991 cruce
1191 1959 1354 1999 dilatatus,

917 2007 1009 2040 Felle
1029 2008 1128 2039 mixto
1153 2010 1188 2039 tu
1214 2009 1352 2047 potatus,

918 2055 997 2088 Cum
1022 2056 1162 2088 clamore
1184 2055 1381 2094 lacrimatus,

917 2104 980 2137 Pro
1006 2104 1134 2136 Iudaeis
1161 2103 1362 2144 deprecatus,

917 2151 987 2184 Tuo
1011 2152 1099 2192 patri
1124 2151 1374 2189 commendatus,

919 2199 1036 2232 Mortis
1062 2200 1166 2231 victor
1189 2198 1284 2230 morti
1311 2197 1413 2230 datus,

917 2246 1029 2279 Nostri
1055 2256 1152 2279 causa
1175 2249 1210 2278 tu
1233 2247 1374 2285 vocatus,

916 2296 946 2328 A
972 2295 1116 2335 Longino
1142 2295 1315 2332 lanceatus,

917 2344 997 2377 Post
1025 2343 1066 2375 de
1090 2351 1184 2376 cruce
1208 2346 1244 2373 tu
1269 2341 1395 2373 delatus

919 2393 957 2425 ln
982 2392 1130 2432 sepulcro
1157 2390 1339 2428 collocatus,
