1651 2606
678 105 912 141 „14-

561 207 592 239 5.
617 206 721 245 Quare
746 202 887 242 exstirpa
911 200 1001 239 vitia,

620 251 794 284 Virtutibus
819 258 876 281 nos
902 248 1035 285 adorna,

616 301 655 332 In
680 299 759 331 hora
782 296 892 328 mortis
917 295 1030 327 ultima

618 345 815 379 Miserrimos
838 353 896 375 nos
920 343 1047 375 adiuva.

222 417 300 444 Orat.
321 423 373 443 ms.
393 415 570 450 Teguriuum
598 412 667 440 anni
694 408 775 438 1470.
807 410 849 437 CI.
870 410 1023 437 Monacen.
1047 405 1084 435 20
1093 405 1158 435 021.
1181 406 1212 433 A.
1236 419 1270 424 -
1291 405 1372 432 Orat.
1393 413 1448 431 ms.

146 454 323 488 Tegurinum
343 461 418 480 saec.
438 451 481 480 15.
506 451 576 479 Clm.
596 450 748 477 Monacen.
771 445 879 475 20124.
900 448 934 475 B.

539 552 565 581 7.
599 551 642 581 De
662 547 860 580 sanctissima
881 546 1046 579 Trinitate.

164 624 191 655 1.
220 624 243 656 O
270 623 394 654 trinitas
420 621 612 661 sempiterna
835 619 866 652 3.
893 617 1056 650 Laudibus
1081 616 1143 647 tuis
1169 615 1317 655 mancipa

216 670 390 710 Unitasque
414 669 623 708 sanctissima,
895 665 962 696 Nos
987 664 1132 696 totaliter
1157 666 1190 694 et
1214 665 1326 694 nostra

218 716 304 748 Deus
330 716 465 748 omnium
493 719 626 755 creator,
896 712 1100 750 caritateque
1122 709 1250 742 fervida

217 763 338 796 Rector
357 766 452 803 atque
476 765 690 796 conservator.
894 759 1021 791 Mentes
1044 760 1170 789 nostras
1196 758 1230 789 in
1255 760 1288 787 te
1312 765 1416 788 serva.

164 822 195 852 2.
222 819 325 852 Visita
348 823 381 851 et
403 820 547 852 illumina
839 819 871 850 4.
898 815 944 849 Ut
968 815 1027 846 tibi
1051 815 1122 854 soli,
1148 814 1296 852 Domine,

218 868 269 899 Ab
295 868 441 907 omnique
463 867 535 899 labe
559 867 677 899 munda
896 863 1076 896 Timeamus
1103 861 1275 902 displicere

220 914 361 947 Horrida
387 917 419 945 ct
442 914 612 946 tenebrosa
897 911 942 943 Et
965 910 1148 942 studeamus
1173 909 1301 948 placere

221 961 333 994 Cordis
356 962 418 993 mei
442 961 585 995 latibula.
900 958 1014 997 Corde,
1040 966 1095 989 ore
1121 959 1152 988 et
1177 965 1284 996 opere.

569 1019 600 1050 5.
625 1017 729 1056 Quare
754 1025 810 1048 nos
833 1018 888 1047 tua
912 1023 1011 1054 opera

625 1065 664 1096 In
687 1067 720 1095 te
744 1064 846 1096 solum
870 1061 1033 1102 sperantia

625 1111 676 1143 Ab
702 1111 787 1143 omni
811 1110 894 1141 malo
919 1109 1023 1141 libera

627 1159 787 1198 Bonisque
812 1157 957 1190 omnibus
984 1156 1061 1188 dita.

227 1225 306 1253 Orat.
335 1233 387 1252 ms.
413 1225 591 1260 Tegurinum
616 1225 686 1251 anni
716 1221 797 1251 1470.
829 1223 902 1251 Clm.
928 1222 1082 1249 Monacen.
1108 1217 1217 1248 20021.
1246 1220 1282 1247 A.
1309 1233 1346 1238 —
1375 1219 1455 1247 Orat.

151 1270 203 1289 ms.
223 1263 400 1299 Tegurinum
420 1270 494 1290 saec.
518 1260 560 1289 15.
583 1262 655 1289 Clm.
676 1262 828 1289 Monaccn.
849 1258 959 1288 20124.
980 1260 1015 1286 Β.

546 1364 572 1394 8.
609 1362 714 1394 Oratio
736 1362 775 1393 ad
796 1370 835 1393 ss.
856 1360 1052 1393 Trinitatem.

446 1434 622 1467 Benedicat
644 1442 695 1465 me
718 1432 892 1473 imperialis
917 1432 1077 1471 maiestas,

447 1482 600 1521 Protegat
623 1489 673 1512 me
694 1481 811 1520 regalis
838 1479 999 1519 divinitas,

451 1529 618 1562 Custodiat
641 1536 692 1560 me
716 1528 910 1567 sempiterna
936 1527 1047 1564 deitas,

450 1576 574 1609 Foveat
595 1584 646 1607 me
670 1575 810 1616 gloriosa
834 1574 948 1614 unitas,

392 1627 421 1658 5.
451 1622 609 1655 Defendat
632 1631 684 1654 me
707 1622 860 1653 immensa
885 1622 1022 1661 trinitas,

447 1671 574 1711 Dim'gat
595 1679 647 1703 me
670 1669 913 1702 inaestimabilis
937 1669 1074 1701 bonitas.

449 1718 553 1758 Rogat
575 1726 627 1748 me
648 1717 792 1756 potentia
815 1716 928 1757 patris,

451 1764 600 1797 Vivificet
626 1773 677 1796 me
702 1764 859 1804 sapientia
880 1762 951 1803 filii,

451 1812 614 1844 Illuminet
637 1820 688 1843 me
712 1812 815 1852 gratia
840 1814 873 1843 et
894 1811 996 1843 virtus
1021 1810 1155 1851 spiritus
1181 1810 1295 1844 sancti.

373 1860 427 1893 10.
679 1859 789 1899 Alpha
814 1862 846 1890 et
870 1859 906 1899 Ο,

677 1906 765 1939 Deus
791 1909 823 1938 et
847 1906 950 1946 homo,

679 1954 728 1987 Sit
752 1954 830 1986 mihi
853 1954 934 1985 haec
956 1953 1116 1985 invocatio

681 2001 773 2033 Salus
800 2003 831 2033 et
857 2001 1023 2041 protectio.

233 2067 402 2097 Orationale
422 2076 474 2095 ms.
495 2066 726 2103 Portugallicum
746 2075 820 2095 saec.
838 2065 882 2094 151.
911 2066 982 2094 Cod.
1003 2066 1131 2094 Sanctae
1151 2066 1254 2094 Crucis
1276 2064 1342 2095 483.

416 2169 444 2201 9.
484 2168 528 2199 De
548 2176 588 2199 ss.
611 2167 768 2199 Trinitate
790 2168 822 2199 et
841 2168 1042 2199 sacramento
1064 2167 1194 2200 Altaris.

173 2241 203 2273 1.
230 2241 310 2283 Ave,
339 2239 448 2272 divina-
470 2239 607 2282 trinitas,
850 2240 880 2271 2.
909 2239 988 2277 Ave,
1014 2247 1131 2271 manna
1156 2239 1384 2283 dulcissimum,

231 2289 337 2328 Pater,
364 2287 496 2319 verbum
522 2289 554 2318 et
578 2286 709 2326 spiritus
907 2286 1044 2318 Fructus
1068 2286 1196 2319 Mariae
1219 2287 1354 2328 virginis

231 2336 337 2376 Atque
362 2334 481 2368 Christi
504 2334 692 2377 humanitaS‚
908 2334 1015 2374 Atque
1037 2337 1181 2367 nostrum
1207 2333 1377 2376 refugium,

233 2384 333 2416 Plena
357 2382 478 2415 cunctis
503 2382 684 2415 virtutibus.
910 2381 1031 2415 Christi
1056 2391 1172 2423 corpus
1196 2382 1325 2416 iudicis.
