1651 2606
692 115 927 152 „34-

607 211 653 243 62.
687 209 733 241 Ad
752 208 873 241 Faciem
894 207 1025 240 Domini.

172 274 202 307 1.
228 273 307 315 Ave,
333 271 449 304 florens
473 273 578 305 vultus
604 271 732 311 Christi,
853 272 886 304 2.
913 269 1042 302 Candor
1064 269 1146 301 lucis
1171 271 1207 302 tu
1231 277 1400 310 supernae,

229 320 292 352 Pro
317 328 367 351 me
389 323 483 360 sputa
507 319 683 360 suscepisti,
911 318 1005 351 Clare
1033 317 1144 349 lucens
1171 317 1239 349 dies
1262 325 1369 357 verne,

275 367 299 399 O
327 367 441 399 decora
465 365 580 398 facies!
957 365 982 398 Ο
1008 373 1147 404 superna
1172 364 1312 404 claritas,

228 414 315 454 Rogo
340 417 381 452 te,
408 422 448 445 ne
473 412 637 451 avertaris,
909 412 947 444 In
972 412 1033 444 hac
1058 411 1143 444 valle
1166 411 1372 444 lacrimarum

229 462 293 494 Sed
317 464 353 493 ut
371 469 422 492 me
445 460 609 498 intuearis,
910 460 1015 500 Terge
1039 468 1139 491 noxas
1163 459 1351 499 animarum,

276 508 384 540 Hostis
410 506 521 548 fugans
547 507 641 539 acies.
956 507 1039 547 Quas
1064 510 1200 546 paterna
1226 506 1342 538 caritas

231 556 334 595 Salve,
353 554 513 593 splendor,
533 562 623 593 quem
642 552 780 585 fuscavit
909 554 1099 595 Sanguinem
1125 563 1184 594 per
1208 554 1383 594 pretiosum

228 602 347 644 Fletus,
377 601 481 643 decor,
509 609 600 641 quem
626 599 768 633 foedavit
909 601 955 633 Et
979 602 1172 641 triumphum
1203 601 1373 642 gloriosum

273 647 370 680 Livor
394 650 489 688 atque
512 648 647 680 macies!
957 648 1083 687 Gemit,
1110 652 1146 681 ut
1170 649 1293 689 paritas

226 695 272 727 Te
297 704 442 735 rogamus
468 704 505 727 ex
532 694 655 737 affectu,
907 696 1077 728 Hominum
1105 701 1137 728 et
1160 697 1346 737 angelorum

227 742 294 774 Tuo
319 742 373 781 pio
397 751 454 774 nos
480 746 628 783 respectu
906 743 1013 786 Esset,
1041 744 1093 784 da,
1118 747 1156 776 ut
1178 744 1328 777 vitiorum

274 789 312 821 In
337 791 501 821 aeternum
525 790 631 823 saties.
955 790 1005 823 Sit
1026 790 1061 823 in
1086 792 1132 823 eis
1154 791 1281 824 raritas.

509 848 539 880 3.
566 847 591 880 Ο
618 856 710 886 quam
737 847 830 879 dulce
854 850 886 879 te
911 847 1032 888 videre,

568 893 642 925 Tibi
665 902 792 935 semper
815 895 992 935 inhaerere,

613 940 784 982 Speculum
808 942 967 974 laetitiae!

561 988 600 1020 In
623 991 657 1019 te
681 989 777 1029 salus,
803 989 914 1029 virtus,
941 990 1017 1030 vita,

565 1034 655 1067 Bona
680 1036 774 1067 simul
800 1035 933 1080 infinita,

607 1082 718 1114 Honor
743 1085 775 1114 et
801 1083 950 1123 divitiae3

562 1130 592 1162 A
616 1132 649 1161 te
673 1138 799 1170 semper
822 1134 859 1163 ut
883 1131 1033 1173 respecti,

565 1176 625 1219 Da,
652 1185 814 1210 servemus
839 1179 901 1210 iter
925 1179 1005 1210 recti

611 1224 826 1265 Normamque
850 1225 1001 1267 iustitiae,

565 1270 611 1303 Ut
633 1271 667 1302 in
691 1272 751 1303 viis
775 1272 837 1304 Dei
862 1276 991 1306 cantent

565 1318 691 1359 Omnes,
718 1327 772 1351 eos
795 1328 855 1351 nec
878 1321 1086 1361 supplantent

610 1365 808 1399 Daemonum
833 1368 1003 1407 nequitiae.

233 1419 364 1447 Oration.
384 1419 509 1447 Lehnin.
530 1422 600 1448 anni
621 1418 703 1449 1518.
744 1421 813 1449 Cod.
833 1423 999 1451 Berolinen.
1021 1424 1065 1451 IV
1070 1428 1083 1441 ⁰
1102 1422 1148 1452 29.

577 1502 625 1534 63.
657 1503 703 1534 Ad
723 1503 846 1535 Faciem
868 1504 1002 1537 Domini.

164 1562 196 1595 1.
220 1562 301 1602 Ave,
327 1560 425 1593 facies
450 1562 523 1594 Iesu
547 1560 618 1603 Dei,
844 1566 875 1598 4.
903 1566 983 1609 Ave,
1010 1565 1110 1599 facies
1132 1567 1312 1609 benedicta,

221 1608 261 1641 In
284 1611 316 1639 te
340 1609 424 1640 salus
447 1612 577 1642 nostrae
600 1611 681 1651 spei,
903 1612 1025 1646 Nostra
1047 1618 1155 1647 tamen
1179 1615 1221 1648 ob
1247 1617 1368 1649 delicta

223 1654 270 1687 Te
294 1658 450 1697 optamus,
476 1657 553 1688 lieet
577 1658 634 1697 rei,
902 1660 1017 1700 Alapis
1043 1670 1136 1694 caesa
1161 1666 1192 1695 et
1217 1662 1348 1697 adflicta

269 1701 396 1734 Perfrui
420 1704 453 1734 in
476 1704 588 1744 gloria.
950 1709 1000 1740 Ac
1024 1709 1165 1742 lacrimis
1190 1712 1331 1746 madida.

167 1760 198 1791 2.
224 1759 304 1801 Ave,
330 1758 428 1791 facies
452 1760 622 1804 illustrata,
847 1765 877 1798 5.
905 1765 987 1804 Ave,
1012 1764 1112 1798 facies
1137 1769 1316 1810 praeclara,

224 1805 347 1838 Sudore
372 1808 532 1847 sanguinis
556 1808 669 1849 rigata,
904 1812 991 1851 Quae
1014 1823 1073 1853 pro
1098 1815 1191 1847 nobis
1216 1816 1249 1847 in
1275 1817 1379 1849 crucis
1405 1827 1463 1849 ara

223 1853 332 1893 Sputis
357 1854 451 1886 nimis
479 1855 650 1896 deturpata
903 1859 1011 1892 Morte
1036 1862 1165 1893 tandem
1191 1871 1229 1894 ex
1255 1873 1366 1896 amara

268 1900 387 1941 Magna
412 1910 451 1933 ex
473 1902 604 1937 malitia.
950 1907 996 1939 Es
1020 1907 1132 1941 effecta
1155 1910 1289 1949 pallida.

163 1960 193 1992 3.
219 1959 300 2001 Ave,
327 1956 423 1989 facies
448 1959 596 2002 gratiosa,
846 1964 876 1995 6.
903 1963 993 1995 Haec
1017 1965 1106 1997 cordi
1130 1975 1200 1998 meo
1226 1968 1269 1999 sit
1292 1968 1450 2008 impressa

220 2004 323 2044 Super
347 2006 445 2037 solem
469 2007 623 2047 speciosa,
902 2011 965 2043 Per
988 2014 1032 2053 te,
1056 2012 1140 2054 Iesu,
1166 2023 1270 2055 neque
1294 2025 1385 2048 cessa

218 2052 391 2085 Anxietate
422 2053 591 2086 tenebrosa
902 2058 974 2090 Hoc
998 2068 1142 2093 cremare
1166 2061 1331 2096 indefessa

268 2099 313 2131 Et
343 2108 454 2132 cruore
478 2101 587 2135 livida.
952 2106 1013 2138 Tui
1039 2108 1156 2141 amoris
1182 2108 1298 2143 facula.

503 2159 534 2191 7.
561 2158 608 2191 Ut
631 2160 839 2200 contemplari
864 2163 984 2202 possim
1009 2165 1088 2197 satis

561 2205 640 2237 Post
663 2206 746 2239 hanc
771 2209 868 2241 vitam
895 2219 965 2242 cum
990 2211 1093 2245 beatis

560 2253 690 2286 Vultum
715 2257 789 2287 tuae
816 2257 944 2290 deitatis

609 2301 647 2334 In
671 2303 866 2342 sempiterna
891 2307 1027 2342 saecula.

226 2355 330 2383 Dium.
354 2356 504 2385 Misnense
533 2358 601 2394 imp.
627 2358 749 2395 Lipsiae
776 2357 849 2388 1511
873 2360 969 2398 (unter
996 2366 1077 2394 einer
1102 2367 1244 2395 Auswahl
1268 2368 1352 2395 nicht
1377 2369 1461 2398 litur-

144 2394 260 2431 gischer
281 2392 407 2431 Gebete).
