1653 2608
139 198 182 231 27

139 704 193 737 28.

139 1210 196 1242 29.

137 1707 192 1740 30.

137 2208 195 2241 31.

670 103 910 138 „69-

221 200 313 232 Tunc
336 198 456 233 iuberis
479 200 647 244 flagellari,

218 247 265 280 Ut
289 248 337 279 sic
361 248 477 280 saltem
502 249 615 281 satiari

220 295 331 327 Poena
356 296 476 328 vellent
502 296 692 337 innocentie,

221 342 305 381 Quos
332 345 481 375 caecatae
506 343 598 376 furor
623 344 738 376 mentis

269 390 361 422 Adeo
382 390 612 424 flammaverat.

221 437 273 469 Ita
296 440 396 479 tuum,
423 437 482 470 flos
509 447 650 480 amoene,

221 484 426 524 Flagellatur
452 495 567 527 eorpus
592 487 675 526 lene,

224 532 372 565 Candens
398 534 485 573 quasi
513 535 598 565 lacte
623 535 733 577 lotum,

223 581 305 612 Prae
332 589 445 613 cruore
469 581 565 613 rubet
588 583 702 624 totum,

268 628 481 661 Pulchritudo
511 628 647 668 fugerat.

220 704 295 736 Iesu
321 704 434 744 dulcis,
461 705 603 737 nondum
628 705 717 738 finis:

224 751 407 793 Coronaris,
436 761 519 796 ecce,
546 754 657 797 spinis,

222 800 327 840 Caput,
351 801 429 832 mite
454 801 653 841 vulneratur,

221 848 326 880 Frons
351 849 494 880 verenda
519 847 703 888 perforatur

273 894 404 928 Civibus
430 896 598 928 aethereis.

223 943 248 975 O
272 942 432 975 funestum
458 944 542 983 regis
569 943 706 983 schema,

223 990 249 1023 O
276 991 493 1031 plangendum
520 990 677 1031 diadema,

223 1037 315 1076 Quod
342 1038 481 1070 derisum
507 1039 738 1077 repraesentat,

223 1085 328 1117 Dulce
355 1087 452 1126 caput
477 1085 562 1126 quod
589 1086 735 1117 cruentat.

272 1133 442 1172 spinarum
471 1132 600 1165 aculeis.

222 1207 308 1248 Iesu,
336 1209 438 1241 dulcis
465 1209 619 1250 Galilaee,

227 1257 302 1289 Sola
327 1257 413 1289 salus
439 1258 509 1297 spei
533 1266 633 1298 meae,

225 1305 320 1337 Adae
345 1306 449 1337 scelus
475 1314 568 1345 quam
595 1313 747 1346 amarum,

224 1353 316 1392 Quod
340 1356 376 1384 tu
398 1352 472 1393 luis,
498 1353 605 1384 lumen
622 1353 755 1393 clarum,

274 1400 378 1433 Tanto
403 1399 474 1432 fuso
501 1400 665 1441 sanguine.

222 1448 354 1480 Florem
380 1447 444 1480 oris
471 1451 503 1480 et
527 1456 679 1489 genarum

225 1496 346 1537 Plagae
370 1496 510 1527 tundunt
534 1495 711 1537 alaparum,

223 1543 438 1575 Subsannaris
463 1546 669 1584 purpuratus,

223 1590 336 1632 Sputo,
361 1590 491 1633 probris
515 1593 678 1624 saturatus

269 1638 340 1671 Nec
363 1639 508 1682 minaris,
533 1638 680 1672 Domine.

219 1707 305 1746 Iesu,
330 1708 405 1738 tuae
429 1706 541 1738 mortis
567 1706 614 1737 rei

220 1754 268 1786 Te
292 1754 442 1786 viderent
466 1763 537 1786 cum
561 1753 685 1797 Iudaei,

222 1801 382 1843 Sugillose
406 1804 628 1843 purpuratum,

221 1849 330 1890 Spinis
357 1852 453 1891 caput
479 1852 673 1892 coronatum,

272 1899 441 1931 Patentem
465 1897 618 1939 ludibrio,

219 1947 297 1979 Feri
324 1955 418 1979 canes
443 1955 482 1978 ae
505 1944 639 1978 nefandi

222 1994 371 2027 Clamant
397 2003 506 2029 omnes
531 2003 611 2028 voce
627 1994 753 2036 grandi,

221 2042 312 2076 Nihil
337 2043 431 2083 habe,
458 2051 599 2083 praeses,
625 2051 734 2075 morae

219 2091 258 2123 In
286 2090 467 2124 damnando
491 2090 662 2123 seductore

268 2139 416 2173 Caesaris
444 2139 614 2172 contrario.

221 2207 335 2240 Victus
364 2214 497 2249 praeses
522 2207 585 2239 hoc
608 2215 756 2239 sermone

223 2256 328 2290 Caeca
352 2263 488 2295 prorsus
515 2254 640 2287 ratione

218 2304 412 2337 Iudaeorum
437 2306 533 2342 paret
556 2302 640 2335 votis

217 2351 434 2392 Manibusque
458 2360 542 2391 aqua
564 2350 639 2382 lotis

264 2400 379 2434 Finem
407 2400 464 2433 dat
488 2399 677 2432 sententiae.

827 470 882 503 32.

827 973 882 1004 33.

828 1467 884 1499 34.

908 200 979 235 Iam
988 206 1074 245 tunc,
1087 204 1171 243 Iesu,
1188 211 1265 243 quos
1275 210 1436 245 pavemus,

908 251 956 284 Ut
979 252 1126 284 doctores
1150 251 1344 293 tolleremus,

908 298 954 330 Te
980 298 1085 330 fecisti
1109 298 1200 330 nobis
1228 299 1339 330 ducem

907 345 1086 378 Baiulando
1111 345 1171 377 tibi
1198 353 1323 377 crucem

956 394 1010 426 Ad
1033 393 1139 425 locum
1166 392 1343 426 Calvariae.

909 470 1004 502 Patet
1028 470 1106 501 ordo
1132 470 1179 502 rei
1206 471 1324 509 gestae,

908 516 965 548 Fit
984 525 1154 550 concursus
1167 516 1271 557 plebis
1285 519 1434 556 maestae,

907 564 1062 597 Mulieres
1086 565 1311 603 lamentantur,

908 612 994 653 Agni
1011 612 1155 644 membra
1167 608 1439 656 [con]clavautur,

959 660 1051 693 Cruci
1079 660 1152 691 dum
1179 658 1328 699 affigeris

909 707 979 739 Hoc
1004 716 1021 739 e
1045 708 1162 739 mundo
1188 716 1245 739 nos
1270 706 1418 745 transire,

909 753 1014 786 Phase
1037 763 1155 787 novum
1181 754 1302 785 esurire

913 801 956 833 Ut
982 803 1123 843 doceres,
1149 801 1222 833 Iesu
1248 801 1339 841 bone,

909 848 1017 880 Rebus
1042 849 1174 888 loquens
1199 858 1264 880 non
1281 857 1437 888 sermone,

956 896 1060 927 Extra
1084 898 1209 935 portam
1234 896 1365 935 pateriS.

911 970 1086 1003 Crucifixus
1111 973 1196 1003 inter
1220 979 1291 1003 reos

909 1018 1114 1050 Dissolvebas
1140 1026 1238 1050 nexus
1257 1027 1353 1062 meOS,

911 1065 1016 1108 Caelo,
1042 1067 1138 1098 terris
1163 1068 1195 1097 et
1218 1064 1345 1098 inferno

908 1112 997 1145 Deus
1020 1113 1132 1146 vivens
1157 1113 1197 1145 ab
1223 1116 1352 1145 aeterno

956 1161 1075 1193 Factus
1101 1170 1134 1194 es
1159 1161 1385 1200 spectaculum.

908 1208 959 1241 Ibi
984 1208 1090 1241 stabat
1112 1208 1170 1241 illa
1193 1218 1267 1249 una,

911 1256 1010 1295 Quam
1034 1257 1168 1288 miratur
1193 1257 1240 1288 sol
1264 1258 1296 1286 et
1319 1256 1412 1295 luna3

908 1304 959 1335 De
985 1304 1113 1336 dolente
1136 1304 1209 1344 plus
1236 1303 1376 1336 dolebas.

912 1352 1013 1390 Quam
1030 1360 1183 1390 amarum,
1205 1351 1290 1391 quod
1305 1350 1440 1383 bibebas

955 1399 1117 1431 Passionis
1141 1399 1309 1438 poculum!

910 1465 1026 1497 Botrus
1046 1464 1156 1505 Cypri,
1183 1474 1200 1497 o
1229 1465 1356 1508 dilecte,

907 1513 967 1557 En,
995 1513 1113 1545 levaris
1140 1513 1242 1544 6111613
1267 1515 1368 1552 vecte,

908 1560 954 1593 Ut
977 1561 1133 1602 premaris
1159 1561 1248 1599 prelo
1273 1561 1396 1601 mortis,

907 1609 1043 1649 Sanguis
1068 1611 1141 1640 tuus
1166 1611 1260 1647 potus
1287 1606 1391 1649 fortis,

954 1657 1029 1689 Pias
1055 1658 1177 1687 mentes
1204 1655 1365 1690 delnianS.

906 1704 1002 1736 Hunc
1025 1704 1174 1744 degustat
1199 1704 1253 1743 qui
1279 1711 1421 1735 cruorem

909 1753 1023 1785 Castae
1047 1753 1162 1783 mentis
1188 1760 1247 1791 per
1270 1760 1426 1792 saporem,

907 1799 999 1832 Solus
1025 1800 1124 1840 novit,
1152 1799 1227 1839 quid
1254 1799 1297 1831 sit
1320 1808 1422 1841 amor,

907 1847 984 1880 Sine
1007 1856 1084 1880 sono
1107 1847 1214 1881 cordis
1244 1848 1364 1879 clamor

954 1897 1009 1929 Illi
1033 1904 1160 1936 semper
1184 1895 1320 1927 inhians.

825 1966 882 1998 35.
906 1963 1025 1997 Factus
1045 1972 1149 2003 paene
1173 1971 1243 1994 sum
1268 1962 1412 2004 elinguis,

907 2012 992 2046 Dum
1017 2012 1171 2044 recordor
1194 2019 1276 2042 uvae
1299 2009 1436 2050 pinguis,

907 2061 975 2100 Qua
1000 2057 1153 2100 profluxit
1177 2058 1234 2090 1116
1259 2058 1398 2099 sanguis,

909 2108 976 2147 Quo
1002 2110 1135 2140 necatur
1157 2108 1248 2137 vetus
1274 2105 1396 2145 anguis,

956 2156 1034 2188 Cum
1061 2155 1176 2187 devote
1201 2154 1332 2185 bibitur.

908 2203 996 2237 Deus
1020 2205 1055 2236 in
1079 2203 1201 2235 Iudaea
1223 2203 1328 2239 notus,

910 2251 1005 2290 Quem
1016 2260 1080 2284 non
1095 2250 1181 2291 capit
1193 2248 1329 2281 mundus
1340 2249 1436 2289 totus,

910 2300 1023 2333 Carnis
1051 2301 1180 2331 nostrae
1205 2304 1297 2328 sacco
1322 2298 1436 2335 tectus,

910 2347 1013 2389 Ligno
1041 2346 1154 2390 crucis,
1181 2353 1229 2387 en,
1256 2344 1436 2383 subvectuS‚

959 2395 986 2429 A
1013 2395 1079 2428 suis
1103 2402 1167 2426 non
1191 2393 1345 2425 noscitur.
