1651 2606
634 69 891 108 —152—

158 204 165 213 .
193 178 243 211 De
267 177 352 211 ferro
377 175 428 209 vel
454 174 555 208 calibe

238 226 319 259 nihil
345 222 556 266 prophetavit,

192 273 256 306 Sed
283 273 401 305 doloris
426 270 564 310 gladium

239 329 313 353 vere
335 318 504 350 denotavit.

193 368 279 407 Quae
303 366 353 399 vel
375 366 484 403 lingua
509 362 614 394 dicere

239 418 293 447 aut
317 413 385 454 quis
410 411 587 443 intellectus

193 464 304 496 Potest
328 457 593 499 comprehendere

237 510 315 542 adeo
339 505 500 546 perfectus

158 614 164 620 .
190 585 373 617 Mensuram
399 584 430 613 et
454 580 597 620 pondera

239 629 440 663 desolationis

189 678 286 717 Tuae,
312 679 400 716 virgo
425 676 522 716 regia,

238 727 270 757 et
295 720 544 763 compassionis?

190 773 275 812 Quae
298 772 334 803 in
355 771 402 802 tui
425 769 484 802 filii

237 827 387 861 praesens
417 817 546 851 astitisti

191 867 306 900 Poenis
331 869 361 899 et
383 866 419 898 in
442 864 586 897 omnibus

238 915 399 955 particeps
424 911 522 945 fuisti.

161 1018 167 1025 .
194 990 276 1022 Nam
302 993 334 1021 et
359 988 477 1021 Christi
499 988 632 1020 animam

240 1037 355 1078 spiritu
378 1036 565 1068 frementem

196 1084 394 1124 Conspexisti
416 1084 514 1116 oculis

237 1133 351 1164 mentis
377 1134 409 1163 et
432 1133 609 1170 paventem,

195 1179 398 1218 Taedentem‚
418 1178 659 1210 maestissimam

243 1229 274 1259 et
296 1227 329 1258 in
353 1225 501 1265 passione

196 1274 289 1306 Nunc
312 1273 446 1309 tristem,
471 1281 556 1304 nunc
579 1273 717 1312 anxiam,

240 1322 347 1361 sieque
370 1321 404 1352 in
428 1328 528 1360 agone

161 1422 167 1429 .
193 1399 289 1430 insset
312 1399 375 1428 tam
401 1395 563 1428 horribilis

240 1445 304 1476 eius
328 1444 363 1475 in
386 1446 500 1475 natura

194 1492 283 1524 Haec
305 1490 487 1530 imaginatio

242 1541 345 1570 morte
369 1538 410 1569 de
433 1536 552 1580 futura,

196 1585 243 1618 Ut
265 1588 388 1626 patrem
415 1585 454 1616 de
478 1584 615 1617 transitu

244 1633 351 1665 calicis
376 1635 491 1673 oraret,

194 1679 358 1719 Sudorque
386 1680 573 1719 sanguineus

244 1728 283 1758 ab
310 1736 345 1758 eo
370 1730 521 1761 manaret.

163 1829 170 1836 .
195 1803 295 1835 Immo
320 1806 375 1835 tua
399 1803 502 1835 anima

245 1850 379 1890 amplius
406 1853 454 1882 est
477 1851 572 1891 laesa,

197 1899 295 1937 Quam
320 1898 348 1929 si
372 1898 419 1929 sic
441 1897 475 1929 in
500 1906 632 1938 corpore

242 1948 295 1977 tuo
320 1953 404 1977 esses
430 1954 529 1989 caesa,

198 1993 275 2026 Cum
299 1993 425 2025 videres
450 2001 621 2034 pauperem

241 2041 346 2080 ipsum
369 2049 486 2080 assum,
510 2039 648 2081 flentem,

195 2088 346 2132 Labores,
377 2087 520 2130 insidias⁷

245 2135 361 2168 famem
384 2135 567 2175 patientem,

140 2215 172 2247 8.
199 2212 297 2245 Duris
327 2220 452 2245 caesam
476 2212 588 2254 alapis,

246 2263 339 2302 sputo
364 2260 553 2294 maculatam

200 2309 294 2342 Cuius
319 2312 461 2341 sanctam
485 2307 599 2342 faciem

246 2356 378 2396 veloque
403 2357 549 2400 velatam,

812 1208 868 1240 11.

815 1615 870 1647 12.

817 2024 870 2057 13.

889 166 958 198 Nec
984 165 1079 197 decor
1104 172 1165 195 nec
1189 158 1312 202 species

938 213 1004 244 eius
1029 211 1218 252 apparebat,

890 261 954 294 Sed
979 262 1128 300 aspectus
1153 257 1294 298 pallidus

936 316 1055 349 poenas
1081 304 1260 346 detegebat.

892 384 969 416 Fuit
992 384 1046 416 hic
1068 390 1127 415 rex
1152 381 1273 423 gloriae

940 431 1085 464 Christus
1112 433 1144 461 et
1169 437 1295 470 exosus,

890 479 945 513 Sic
968 482 1005 511 ut
1029 478 1213 511 aestimatus
1237 477 1281 509 sit

937 526 1029 568 quasi
1051 527 1102 559 vir
1126 526 1290 567 leprosus3

890 576 986 608 Hunc
1011 583 1128 607 corona
1152 573 1265 614 spinea

940 622 1043 655 cernis
1069 623 1253 656 coronatum

890 672 934 703 Et
957 669 1122 711 puncturis
1146 669 1276 702 milibus

940 721 1035 759 caput
1058 717 1270 751 vulneratum,

895 796 1093 835 Carnemque
1117 793 1335 833 tenerrimam,

941 852 1033 883 quam
1058 845 1093 874 tu
1119 841 1292 881 concepisti

892 892 937 924 Et
960 893 1014 923 tuo
1039 890 1180 931 virgineo

938 939 1022 970 laete
1046 937 1219 977 nutrivisti,

892 986 1104 1026 Flagellatam
1127 984 1268 1024 undique

939 1033 1031 1074 virga
1056 1033 1187 1075 duriori,

893 1081 1008 1121 Plagas
1033 1080 1137 1121 plagis
1162 1079 1301 1123 additas,

939 1128 1057 1161 livores
1078 1128 1184 1160 livori.

893 1205 990 1238 Unde
1012 1204 1140 1245 sangnis
1164 1202 1302 1235 fluxerat

940 1256 975 1285 ut
998 1252 1060 1284 rivi
1084 1251 1210 1283 fluentis

892 1301 958 1333 Per
980 1302 1108 1332 sacrata
1128 1300 1234 1331 latera

944 1346 1064 1379 Christi
1091 1347 1280 1386 innocentis,

896 1394 987 1434 Quod
1014 1394 1049 1426 in
1074 1403 1110 1426 eo
1135 1393 1255 1425 sanitas

940 1450 1000 1474 nec
1023 1450 1043 1472 a
1067 1441 1159 1481 pedis
1185 1441 1296 1480 planta

896 1489 1018 1529 Capitis
1043 1489 1085 1521 ad
1110 1489 1261 1521 verticem

943 1539 1029 1568 esset
1051 1537 1226 1577 aliquanta,

895 1612 1045 1646 Adfixum
1070 1612 1214 1653 patibulo

944 1661 1042 1692 clavis
1063 1660 1190 1701 laniari,

896 1709 1092 1741 Pendentem
1116 1708 1268 1740 atrociter

942 1756 1036 1789 nimis
1060 1756 1205 1799 cruciari,

895 1803 1015 1836 Haben'
1040 1802 1192 1843 ludibrio,

944 1855 1034 1884 aceto
1059 1852 1166 1891 potari

898 1900 1065 1940 Morteque
1089 1899 1278 1940 pallescere,

944 1948 1027 1980 latus
1052 1947 1225 1979 vulnerari.

899 2023 1032 2055 Multum
1058 2023 1118 2055 tibi
1142 2024 1271 2056 addidit

948 2070 1075 2114 doloriS,
1102 2071 1220 2114 Maria,

900 2118 1072 2159 Sepultura
1094 2118 1155 2152 filii

946 2166 994 2198 tui
1016 2168 1100 2210 Iesu,
1127 2168 1201 2208 quia

900 2216 968 2246 Aut
988 2215 1096 2248 vivum
1120 2218 1177 2247 aut
1198 2218 1358 2248 mortuum

947 2262 1088 2295 habuisti
1110 2266 1195 2304 ante,

899 2309 1090 2351 Sepulturae
1112 2311 1269 2351 siquidem

948 2360 1093 2400 tempore
1116 2359 1265 2393 instante.
