1653 2608
818 117 1050 153 —18-

497 222 529 255 3.
556 217 708 253 Caelestis
732 226 798 258 rex,
825 215 877 255 qui
902 212 1068 254 plasmasti
1094 210 1207 248 omnia,

555 267 605 299 Da
628 266 705 297 mihi
730 273 854 296 sensum
879 264 973 301 atque
997 258 1246 298 intellegentiam

553 315 606 346 Ad
631 311 850 353 corrigendum
876 308 1025 349 populum
1051 307 1085 338 in
1109 307 1170 337 hoc
1192 303 1328 336 sacculo.

495 392 527 423 4.
554 386 661 429 Elegit
685 396 734 418 me
757 386 843 418 Deus
867 384 901 415 in
925 392 1015 415 suum
1040 381 1202 413 servitium

554 436 607 468 Ad
631 434 823 467 offerendum
848 433 990 462 sanctum
1016 427 1205 460 sacrificium

554 483 598 515 Et
624 480 856 521 deprecandum
881 487 940 517 pro
965 476 1056 508 iustis
1082 478 1114 506 ct
1137 473 1255 513 impiis.

499 560 529 591 5.
556 555 660 591 Habui
684 555 867 594 magistrum
892 551 1103 584 Adalbertum
1130 549 1322 590 episcopum,

554 604 628 643 Ipse
652 611 701 633 me
727 601 833 633 docuit
857 601 890 631 in
915 608 971 630 suo
997 600 1106 629 sancto
1131 596 1247 635 spiritu

555 654 603 682 Ac
627 658 677 680 me
700 648 839 680 iniunxit
860 648 894 678 in
919 646 1052 686 gradum
1077 643 1267 684 presbyteri.

361 726 429 754 Cod.
451 726 544 761 Capit.
564 724 708 751 Veronen.
729 720 766 750 90
786 730 862 750 saec.
882 719 909 749 9.

646 870 688 901 13.
721 868 826 901 Oratio
847 866 1039 899 Paenitentis
1062 865 1102 896 ad
1125 864 1226 895 Deum.

301 962 333 995 1.
358 962 452 999 Audi,
478 961 565 993 Deus
593 961 778 998 creaturam,

405 1009 481 1040 Tuis
504 1007 622 1039 factam
645 1005 801 1045 manibus,

362 1055 565 1095 Corporalem
588 1054 825 1093 plasmaturam.

408 1102 572 1141 Sumptam
599 1101 638 1132 de
660 1100 842 1140 pulveribus

409 1149 624 1188 spiritumque
645 1147 766 1178 viribus

362 1196 530 1235 Mirandis,
555 1198 642 1226 tuam
666 1193 810 1233 figuram,

363 1243 533 1283 Imaginem
561 1244 591 1273 ct
611 1242 767 1281 picturam

409 1290 560 1322 Ornatam
581 1288 760 1328 monilibus,

412 1336 597 1368 Salubribus

407 1383 560 1415 Evectam
583 1382 796 1414 instinctibus.

307 1460 339 1491 2.
365 1459 468 1491 Huius
492 1461 597 1489 tamen
623 1459 787 1488 creaturae

414 1506 451 1537 In
476 1508 590 1536 natura
614 1504 803 1543 splendidae

366 1553 554 1585 Innumerae
578 1555 652 1582 sunt
675 1559 852 1591 pressurae,

415 1599 525 1631 Pestes
550 1601 682 1638 surgunt
705 1598 865 1638 horridae,

417 1646 579 1678 Medullae
603 1648 677 1676 sunt
699 1645 836 1683 tabidae,

369 1693 489 1725 Multus
515 1696 563 1723 est
586 1693 693 1733 lapsus
719 1694 860 1732 naturae,

370 1740 494 1771 Multae
517 1739 727 1771 membrorum
751 1739 901 1778 iacturae,

420 1787 593 1826 Compages
617 1789 690 1818 sunt
712 1786 889 1829 languidae,

419 1834 464 1866 Ut
488 1833 662 1871 morbidae,

419 1881 512 1913 Vires
537 1884 611 1912 sunt
633 1881 802 1914 invalidae.

316 1959 346 1990 3.
373 1956 488 1988 Sensus
513 1959 600 1996 gesto
624 1957 812 1995 pronitatem

417 2004 461 2035 Et
486 2003 781 2043 concupiscentiam,

373 2051 556 2083 Intellectus
582 2051 765 2082 caecitatem

418 2098 463 2130 Et
485 2098 709 2137 insipientiam,

422 2145 535 2177 Carnis
559 2145 800 2184 immunditiam,

372 2193 544 2232 Appetitus
568 2193 750 2234 vanitatem,

373 2240 558 2272 Passionum
582 2240 779 2282 gravitatem,

423 2288 536 2321 Cordis
560 2288 802 2320 inconstantiam

421 2335 464 2367 Et
489 2335 609 2368 variam

425 2382 561 2422 Spiritus
585 2383 752 2415 miseriam.

978 957 1009 988 4.
1036 955 1098 995 En,
1125 955 1217 986 homo
1245 953 1285 985 de
1309 955 1412 984 matre
1436 954 1529 983 natus

1083 1002 1179 1033 Brevi
1204 1001 1285 1033 vivit
1312 1005 1463 1040 tempore,

1034 1049 1146 1081 Multis
1172 1048 1264 1079 malis
1290 1048 1484 1087 adgravatus

1083 1096 1263 1128 Destitutus
1288 1094 1416 1136 robore,

1084 1143 1143 1181 Qui
1167 1151 1240 1174 mox
1265 1142 1364 1174 habet
1388 1139 1510 1181 abfore,

1037 1190 1083 1223 Ut
1105 1189 1164 1222 flos
1189 1190 1349 1221 nascendo
1375 1189 1523 1228 siccatus,

1035 1237 1081 1270 Ut
1104 1237 1216 1277 globus
1242 1237 1373 1268 umbrae
1402 1236 1537 1278 fugatus,

1085 1286 1132 1318 Ut
1156 1293 1266 1316 errans
1291 1285 1324 1315 in
1349 1292 1489 1324 nemore,

1084 1333 1123 1364 In
1149 1340 1281 1370 corpore

1084 1379 1239 1419 Repletus
1266 1379 1434 1411 dedecore.

983 1457 1014 1488 5.
1039 1455 1137 1494 Ergo,
1163 1463 1276 1494 magne
1301 1454 1397 1494 Deus,
1424 1463 1523 1493 quare

1089 1501 1207 1534 Contra
1230 1502 1349 1533 siccum
1374 1500 1496 1540 folium,

1039 1550 1130 1589 Quod
1155 1550 1197 1581 ad
1222 1552 1349 1581 ventum
1374 1549 1485 1588 nequit
1504 1552 1592 1580 stare

1090 1597 1266 1636 Praeparas
1293 1596 1457 1636 iudicium,

1091 1644 1145 1676 Vis
1169 1645 1252 1676 inire
1277 1644 1445 1683 proelium,

1043 1692 1099 1723 Vis
1126 1694 1236 1723 contra
1261 1692 1382 1723 victum
1406 1700 1559 1732 pugnare,

1043 1738 1099 1770 Vis
1125 1739 1299 1778 potentiam
1324 1742 1505 1771 monstrare

1092 1786 1211 1819 Contra
1235 1785 1368 1818 fratrem
1394 1787 1559 1830 vermium,

1091 1834 1172 1865 Fers
1198 1834 1338 1874 gladium

1093 1881 1211 1914 Contra
1234 1891 1381 1921 spumam
1405 1881 1556 1914 imbrium
1566 1881 1584 1913 ‘s

987 1959 1017 1991 6.
1044 1957 1089 1990 Ut
1114 1958 1200 2000 quid,
1226 1958 1324 1999 Deus,
1352 1959 1532 1991 aestimasti

1093 2005 1148 2038 Me
1173 2006 1232 2038 tibi
1257 2006 1462 2047 contrarium,

1048 2053 1112 2086 Cur
1135 2054 1169 2085 in
1193 2062 1244 2085 me
1267 2063 1394 2085 manum
1420 2056 1553 2087 armasti

1092 2100 1137 2134 Ut
1161 2102 1196 2133 in
1220 2101 1465 2134 adversarium?

1094 2149 1148 2181 Ad
1172 2159 1276 2181 meum
1302 2150 1463 2182 excidium

1048 2196 1122 2228 Vias
1146 2207 1231 2229 meas
1257 2198 1446 2240 explorasti,

1047 2245 1153 2286 Opera
1175 2255 1246 2277 mea
1270 2246 1399 2285 notasti,

1097 2293 1207 2326 Meum
1231 2293 1378 2326 scribens
1403 2295 1543 2326 studium

1096 2342 1140 2373 Et
1164 2342 1263 2373 otium

1097 2390 1236 2421 Actuum
1261 2387 1472 2427 sequentium,
