1651 2606
706 105 944 148 „38-

273 214 352 248 Cum
378 213 560 246 custodibus
585 213 736 254 signatus

192 264 248 296 50.
273 263 326 294 Ad
351 261 477 293 inferna
503 259 706 300 descendisti,

270 310 351 341 Inde
374 310 446 341 tuos
471 308 642 351 redemisti,

271 356 377 389 Terna
403 356 454 388 die
478 355 644 388 surrexisti

271 403 315 436 Et
338 403 380 435 ad
406 403 509 435 caelos
534 401 706 434 ascendisti

271 450 391 483 Locum
415 450 478 481 tuis
504 452 673 489 paraturus

189 499 246 532 55.
271 497 314 530 Et
338 506 397 537 pro
421 497 500 536 ipsis
525 498 682 536 oraturus,

273 545 352 577 Inde
380 541 489 587 [iudex
514 552 547 574 es
572 544 723 574 venturus

268 588 370 634 Dans]
398 590 486 623 bonis
509 590 606 622 vitam
624 592 794 629 aeternam,

269 638 367 671 Malis
399 645 533 677 poenam
559 636 796 676 sempiternam.

268 685 365 727 Ergo,
390 685 443 724 pie
466 683 513 716 fili
538 683 610 724 Dei,

187 733 241 767 60.
266 732 431 770 Miserere,
458 739 581 773 precor,
607 730 680 763 mei.

265 779 356 811 Haec
379 781 413 810 te
435 787 564 819 passum
589 777 662 818 quia
689 785 794 818 nosco,

869 353 924 384 65.

868 589 923 621 70.

252 853 332 881 Orat.
352 861 405 881 ms.
427 852 621 889 Sangallense
640 850 705 879 521.
726 853 797 879 anni
819 849 902 879 1497.

950 208 1031 240 Toto
1058 206 1154 238 corde
1179 205 1315 246 supplex
1340 211 1448 245 posco,

951 255 999 289 Ut
1024 254 1079 286 des
1103 253 1183 285 mihi
1207 252 1374 294 paenitere

950 302 996 334 Et
1019 303 1153 341 peccata
1176 308 1249 332 mea
1271 298 1360 340 flere,

950 349 997 383 Ut
1021 347 1184 381 confessus
1210 349 1242 379 et
1268 347 1434 386 contritus,

950 398 1047 436 Pane,
1073 396 1147 428 vino
1172 395 1234 427 sim
1258 394 1409 434 munim,

949 445 1001 477 Ita
1024 442 1116 476 firme
1136 442 1171 475 in
1196 445 1229 474 te
1256 441 1394 485 credam,

949 492 999 524 De
1023 492 1084 523 hac
1107 490 1175 523 vita
1201 490 1276 522 dum
1303 489 1466 528 decedam,

949 538 1100 571 Inveniar
1124 537 1320 577 emendatus,

949 587 1028 619 Post
1053 586 1220 618 emendam
1246 586 1452 628 expurgatus,

949 633 996 667 Ut
1018 634 1053 665 in
1076 633 1159 665 bono
1185 632 1389 665 confirmatus

948 680 993 713 Et
1018 684 1050 712 te
1076 681 1156 712 duce
1182 680 1376 712 conducatus

950 729 1003 760 Ad
1029 731 1061 760 te
1087 727 1175 759 ferar
1199 730 1232 758 te
1259 727 1396 768 visurus,

950 775 1051 807 Vultu
1074 779 1127 806 tuo
1153 774 1319 807 fruiturus.

651 972 699 1004 30.
729 970 773 1004 De
793 970 868 1003 Vita
890 970 1016 1003 Christi.

187 1056 217 1089 1.
245 1054 317 1086 Tibi
341 1054 455 1087 laudes
481 1056 513 1085 et
536 1054 665 1092 gratiaS,

243 1101 316 1133 Iesu
339 1101 484 1144 benigne,
516 1099 632 1143 refero,

244 1148 325 1181 Nam
352 1158 403 1181 res
428 1148 522 1180 nimis
549 1148 681 1181 eximias

243 1195 364 1227 Fecisti
388 1204 447 1236 pro
472 1204 523 1228 me
546 1196 673 1228 misero.

186 1255 216 1285 2.
243 1253 295 1285 Ad
321 1261 379 1285 nos
405 1253 446 1285 de
471 1253 558 1285 caelo
583 1252 713 1284 veniens

243 1299 367 1331 Stetisti
390 1308 503 1332 novem
528 1299 689 1332 mensibus

243 1347 289 1380 Ut
313 1356 385 1379 reus
411 1347 517 1379 vincla
541 1348 665 1386 patiens

245 1395 282 1427 In
307 1394 442 1435 virginis
469 1394 653 1427 visceribus

186 1453 217 1485 3.
244 1451 386 1483 Nascens
411 1459 469 1491 pro
497 1451 588 1483 domo
614 1451 739 1483 stabulo

241 1498 350 1530 Habes
376 1506 487 1530 cunam
511 1499 731 1539 praesaepium

243 1545 449 1586 iumentaque
472 1555 530 1586 pro
556 1545 674 1578 famulo

239 1592 285 1624 Et
308 1592 415 1625 fenum
443 1593 513 1625 loco
538 1593 684 1626 vestium.

186 1651 217 1682 4.
243 1649 333 1681 Tunc
357 1650 486 1690 angelus
513 1659 583 1682 cum
609 1650 723 1690 gaudio

243 1696 290 1727 Te
313 1698 437 1729 nuntiat
461 1697 652 1739 pastoribus,

245 1742 290 1775 Et
311 1744 395 1785 magi
417 1744 472 1783 pio
498 1745 602 1777 studio

242 1790 290 1822 Te
314 1791 420 1822 colunt
444 1800 514 1823 curn
536 1793 730 1824 muneribus.

187 1849 217 1881 5.
244 1847 364 1880 Octavo
392 1847 443 1879 die
468 1849 651 1888 sanguinem

243 1894 383 1934 Coepisti
408 1903 466 1934 pro
491 1903 541 1926 me
566 1905 727 1937 spargere,

243 1942 438 1982 Redemptus
464 1951 497 1974 es
521 1951 580 1981 per
606 1942 757 1983 virginem

243 1988 293 2021 De
314 1989 433 2029 templo
459 1990 555 2029 duplo
580 1992 715 2024 turture.

185 2048 216 2080 6.
241 2045 388 2078 Herodes
412 2048 445 2077 te
468 2047 669 2087 persequitur

240 2093 285 2126 Et
308 2094 441 2126 credens
465 2093 646 2126 interficere

242 2140 430 2173 innocentes
457 2142 642 2181 aggreditur

241 2188 286 2221 Et
309 2188 388 2221 facit
412 2197 519 2220 omnes
545 2189 692 2229 perdere.

183 2247 214 2279 7.
241 2245 288 2278 Te
312 2248 433 2286 septem
459 2245 550 2277 annis
575 2247 677 2277 tenuit

241 2293 407 2333 Aegyptus
431 2293 465 2325 in
491 2293 612 2333 exsilio,

241 2340 286 2373 Et
313 2341 403 2382 virgo
428 2349 551 2382 pauper
575 2341 655 2373 aluit

244 2388 290 2421 Te
315 2397 410 2421 verae
433 2388 545 2421 matris
569 2389 686 2423 studio.

889 1053 921 1086 8.

869 1451 923 1484 10.

868 1651 923 1684 11.

868 1851 923 1883 12.

867 2050 922 2082 13.

866 2250 921 2282 14.

948 1051 1037 1085 Patri
1063 1051 1180 1091 Ioseph
1205 1049 1381 1083 oboediens

948 1099 1032 1131 Eras
1058 1108 1091 1130 es
1116 1098 1212 1130 matri
1239 1097 1399 1138 subditus,

952 1147 1038 1185 Quae
1061 1146 1124 1178 Dei
1142 1148 1229 1187 sunt,
1255 1143 1437 1187 perficiens,

949 1195 988 1227 In
1014 1193 1063 1225 his
1090 1202 1161 1226 eras
1186 1193 1353 1226 sollicitus.

951 1251 1110 1285 Iohannes
1135 1253 1171 1282 ut
1195 1253 1228 1281 te
1253 1250 1347 1282 diluit

951 1300 1045 1339 Aqua
1070 1297 1168 1330 fontis
1191 1300 1228 1329 ut
1249 1297 1390 1340 noxium,

950 1347 1090 1378 Paterna
1115 1355 1176 1378 vox
1200 1345 1339 1378 intonuit

949 1394 996 1426 Te
1021 1402 1112 1425 suum
1139 1394 1250 1425 dicens
1272 1392 1383 1425 filium.

950 1452 1027 1484 Post
1050 1450 1211 1491 prolixum
1235 1449 1388 1483 ieiunium

948 1499 1053 1532 Homo
1074 1507 1168 1531 verus
1195 1499 1337 1530 esuriens

950 1546 1065 1578 Vicisti
1091 1548 1142 1579 ter
1167 1545 1370 1578 daemonium

950 1593 1057 1626 Verba
1077 1594 1158 1634 legis
1183 1593 1334 1627 obiciens,

951 1650 1159 1692 Congregatis
1186 1650 1352 1691 discipulis

949 1699 1111 1731 Aeternae
1133 1699 1220 1731 vitae
1244 1698 1367 1731 semina.

949 1746 1081 1787 Spargis
1105 1746 1240 1789 ingratis
1266 1747 1393 1787 populis

949 1795 1078 1827 Metens
1102 1794 1188 1827 vitae
1213 1795 1368 1834 gramina.

949 1850 1024 1883 Tibi
1049 1851 1171 1883 nullum
1196 1852 1370 1892 hospitium

949 1899 1019 1931 Nec
1044 1901 1093 1930 est
1116 1899 1183 1930 ulla
1207 1901 1377 1943 possessio,

950 1946 1057 1978 Solum
1083 1946 1219 1985 praebet
1242 1947 1421 1980 subsidium

949 1993 1036 2025 Rara
1061 1993 1121 2024 tibi
1146 1994 1285 2029 devotio.

948 2050 1091 2089 Famem,
1118 2051 1215 2092 sitim,
1245 2053 1382 2092 vigilias,

949 2098 1087 2138 Fletum,
1119 2101 1243 2132 aestum
1269 2109 1340 2133 cum
1364 2100 1486 2143 frigore

946 2144 990 2177 Et
1015 2146 1130 2178 multas
1155 2156 1274 2187 poenas
1299 2150 1380 2181 alias

949 2193 988 2225 In
1013 2195 1067 2225 tuo
1093 2194 1205 2227 suffers
1231 2205 1376 2236 corpore.

948 2250 1063 2283 Omnes
1088 2257 1260 2291 peccantes
1285 2255 1404 2295 arguis,

949 2299 988 2331 In
1013 2299 1103 2331 vultu
1126 2301 1248 2332 nullum
1273 2303 1408 2342 respicis

948 2345 1018 2378 Nec
1043 2351 1228 2387 peccatores
1254 2351 1390 2391 respuis,

948 2393 1032 2433 Quos
1050 2394 1112 2426 iam
1127 2403 1298 2429 conversos
1314 2400 1483 2439 conspicis
