1651 2606
196 202 251 235 29.

198 498 251 530 30.

190 790 245 822 31.

189 1074 244 1107 34.

186 1464 241 1497 35.

179 1855 234 1889 36.

178 2250 233 2283 37.

725 103 962 145 -43,.ἡ

279 202 333 234 Sic
360 213 380 235 a
404 211 504 244 puero
530 206 712 238 crescebam

278 250 323 283 Et
347 251 395 282 sic
416 259 562 283 crescens
580 255 813 296 assuescebam,

328 299 455 331 Involvi
481 299 676 341 criminibus,

278 346 324 378 Et
347 355 408 386 quo
434 346 535 387 magis
558 356 609 378 me
634 347 772 390 foedavi,

280 393 332 425 Ex
357 394 419 426 hoc
445 402 514 426 esse
539 395 675 434 cogitavi

331 442 407 474 Plus
433 443 542 482 gratus
567 442 757 477 hominibus,

280 497 314 529 Si
347 498 423 538 quid
449 497 600 529 blandum
627 500 812 540 sentiebam,

282 545 366 578 Illuc
390 553 500 576 sensus
522 543 743 588 infundebam,

333 592 384 624 lbi
408 600 459 623 me
483 593 689 632 prostituens,

280 638 441 670 Summum
467 637 583 670 bonum
609 641 784 682 aestimavi,

279 685 313 717 Si
338 689 489 729 tenerem,
518 687 603 725 quod
628 689 743 730 amavi,

323 732 412 765 Bono
437 741 488 764 me
515 733 701 768 destituens.

277 789 363 822 illud
383 799 491 822 verum
511 799 667 823 summum
685 793 810 835 bonum,

277 836 368 876 Quod
394 837 530 878 largitur
555 841 643 870 tuum
667 840 793 884 donum,

322 884 410 916 Deus
435 893 535 926 meus,
561 886 668 930 abnui,

805 990 863 1023 IV.

271 1073 335 1105 Sed
361 1083 455 1115 nunc,
481 1073 547 1105 vita
572 1082 652 1113 mea,
678 1074 776 1117 Deus,

271 1120 332 1153 Via
354 1130 435 1160 mea,
464 1120 577 1152 ductor
601 1130 700 1164 meus,

268 1168 364 1199 Nunc
387 1170 533 1201 revertor
558 1169 599 1200 ad
626 1171 659 1200 te
681 1178 754 1201 reus

320 1217 438 1249 Petens
463 1224 482 1247 a
506 1218 537 1247 te
562 1216 697 1249 veniam.

271 1263 368 1296 Ovem
395 1265 556 1296 errantem
581 1265 616 1295 tu
641 1265 777 1308 quaeris,

270 1311 319 1342 Tu
344 1319 472 1343 reverso
497 1310 670 1350 misereris,

268 1358 319 1390 Ne
344 1368 394 1390 me
420 1359 558 1390 clemens
584 1359 752 1399 averseris,

313 1406 428 1438 Mitem
452 1411 485 1437 te
509 1405 677 1439 inveniam.

270 1463 319 1495 Tu
344 1471 508 1495 reversum
533 1462 574 1494 ad
599 1465 632 1494 te
656 1466 765 1495 natum

266 1512 442 1551 Tamquam
473 1510 514 1542 de
537 1513 638 1542 morte
664 1511 800 1543 relatum

268 1558 445 1599 Suscepisti
470 1558 571 1599 magis
596 1561 731 1602 gratum,

315 1606 412 1646 Quam
440 1606 467 1638 si
492 1615 556 1638 non
579 1606 757 1649 recesserit,

267 1653 358 1686 Stola
384 1653 524 1686 candida
548 1654 683 1693 vestisti,

267 1701 362 1734 Diem
388 1701 505 1734 festum
532 1701 671 1741 edixisti,

262 1749 398 1790 Epulari
424 1749 618 1790 praecepisti

311 1797 408 1839 Nato,
435 1797 488 1838 qui
511 1797 674 1830 revixerit.

263 1855 369 1888 Verax
395 1855 490 1894 Deus,
517 1863 558 1886 ne
582 1855 725 1895 muteris,

261 1903 322 1944 Da,
350 1912 487 1944 quaeso,
515 1902 600 1943 quod
625 1902 798 1943 polliceris,

264 1951 484 1992 Suspirantem
507 1960 548 1983 ne
572 1951 717 1992 moreris,

311 1999 546 2032 Lacrimantem
573 1999 707 2039 respice.

261 2048 392 2080 Portam
417 2047 510 2089 pulso
537 2047 677 2089 pietatis,

260 2096 366 2128 Aures
391 2099 488 2137 tango
513 2095 669 2138 veritatis,

259 2144 429 2185 Miserere,
456 2143 519 2185 pie,
546 2143 656 2186 gratis,

305 2192 494 2224 Mendicum
519 2200 560 2223 ne
587 2191 726 2232 despice.

261 2251 372 2294 Sputa,
401 2248 531 2291 probra,
559 2258 640 2289 quae
663 2250 776 2288 tulisti,

259 2299 361 2341 Mors,
389 2299 422 2330 in
449 2305 544 2330 cruce
565 2306 658 2337 quam
679 2298 796 2338 vicisti,

261 2346 359 2379 Sacer
384 2345 526 2387 sanguiS‚
554 2354 646 2385 quem
672 2344 796 2387 fudisti,

307 2395 394 2428 Iram
420 2398 506 2427 tuam
531 2394 663 2429 leniant.

886 360 940 392 32.

884 653 939 686 33.

874 1274 929 1306 38.

871 1664 926 1696 39.

869 2057 925 2089 40.

966 208 1113 248 Quisquis
1138 209 1218 241 illud
1245 208 1421 250 ingerebat,

966 256 1113 296 Quisquis
1138 256 1218 288 illud
1244 257 1468 299 persuadebat,

1011 303 1105 335 Hunc
1129 303 1242 336 audire
1269 305 1371 336 renui.

966 359 1163 400 Desperatus
1188 360 1251 391 iam
1278 360 1416 393 divinam

965 407 1166 447 Respuebam
1192 408 1381 439 medicinam

1012 454 1081 486 Nec
1107 457 1254 494 aegrotus
1282 455 1379 497 dolui,

965 502 1083 534 Panem
1108 503 1194 535 vitae
1219 501 1372 542 fastidivi,

965 548 1080 581 Potum
1108 549 1232 581 dulcem
1257 559 1319 581 non
1343 550 1440 592 sitivi,

1013 596 1096 629 Nam
1122 597 1255 628 salutem
1280 597 1377 630 nolui.

965 654 1056 693 Quod
1081 653 1221 693 peccavi,
1249 652 1468 693 defendebam,

964 702 1070 740 Aeger
1098 710 1207 732 sanum
1233 709 1284 732 me
1307 701 1448 733 dicebam

1011 747 1137 780 Fovens
1161 756 1232 779 mea
1256 748 1398 788 crimina,

965 796 1103 835 Aegrum
1127 794 1233 826 febres
1256 796 1468 837 delectabant,

963 842 1049 881 Quae
1064 843 1219 882 levarent,
1242 851 1293 873 me
1309 843 1492 883 gravabant,

1011 889 1107 921 Vitae
1131 888 1198 928 fugi
1222 889 1342 922 limina.

960 1075 1057 1115 Virgo
1083 1080 1195 1115 mater,
1223 1075 1303 1107 caeli
1329 1078 1447 1116 coetus,

959 1122 1018 1160 Qui
1053 1125 1085 1154 te
1109 1131 1214 1162 regem
1239 1123 1352 1155 laudat
1375 1124 1487 1167 laetus,

957 1170 1055 1209 Quem
1067 1171 1131 1202 iam
1142 1170 1248 1203 nullus
1263 1173 1364 1202 terret
1376 1174 1488 1210 metus,

1005 1217 1172 1250 Placatum
1197 1220 1229 1249 te
1254 1219 1393 1260 veniant,

960 1273 1026 1312 Quo
1045 1276 1209 1307 convertas
1228 1275 1270 1306 ad
1285 1284 1336 1306 me
1355 1276 1489 1316 vultum,

957 1322 1055 1360 Quem
1081 1321 1198 1354 offendi
1222 1322 1319 1353 miser
1343 1323 1486 1364 multum,

955 1368 1189 1409 Errantemque
1215 1370 1269 1401 diu
1294 1370 1428 1401 stultum

1002 1416 1151 1457 Digneris
1178 1417 1356 1457 corrigere,

955 1463 1039 1495 Vera
1063 1464 1166 1495 salute
1191 1467 1349 1496 carentem

953 1511 1078 1551 Tangas
1100 1511 1219 1543 blanda
1236 1521 1330 1543 manu
1346 1516 1484 1545 mentem

953 1559 1060 1598 Atque
1083 1561 1206 1599 pestem
1231 1559 1430 1592 obsidentem

1000 1606 1093 1638 Hanc
1121 1615 1211 1639 cures
1236 1607 1374 1647 abigere.

954 1663 1031 1704 Igne
1056 1667 1167 1697 sancto
1194 1664 1336 1696 caritatis

954 1711 1082 1744 Cremes
1107 1711 1218 1744 sordes
1244 1711 1408 1745 foeditatis

951 1759 1059 1800 Atque
1081 1764 1155 1792 tuae
1182 1760 1337 1792 claritatis

999 1806 1167 1840 Reformes
1193 1808 1372 1849 imaginem,

952 1854 1090 1887 Germen
1116 1856 1234 1889 evellas
1260 1856 1434 1897 spinosum,

951 1903 1071 1935 Nemus
1096 1912 1171 1936 uras
1196 1903 1411 1944 tenebrosum,

951 1951 1066 1984 Fetum
1091 1959 1185 1984 neces
1212 1952 1368 1994 vitiosum,

999 1999 1063 2031 Des
1088 2000 1162 2032 vitis
1186 2000 1405 2040 propaginem.

949 2057 1036 2097 Quae
1059 2057 1100 2089 de
1115 2058 1181 2090 vite
1201 2065 1333 2097 surgens
1352 2058 1481 2094 crescat,

951 2105 1123 2146 Dilatetur,
1149 2113 1190 2136 ne
1215 2106 1400 2144 marcescat,

951 2153 1117 2194 Irrigetur,
1144 2161 1183 2185 ne
1208 2156 1342 2192 arescat,

998 2202 1103 2234 Fonte
1127 2200 1174 2233 tui
1199 2200 1349 2240 spiritus3

953 2249 1083 2281 Sursum
1111 2257 1255 2281 crescens
1283 2248 1423 2288 erigatur

952 2297 1022 2329 Nec
1045 2298 1087 2330 ad
1111 2301 1231 2329 terram
1257 2293 1455 2336 deflectatur,

954 2346 1066 2386 Pingui
1091 2352 1185 2377 succo
1212 2343 1414 2376 distendatur

998 2394 1186 2427 Fecundam
1212 2391 1353 2424 caelitus.
