<?xml version="1.0" encoding="UTF-8"?>
<!DOCTYPE html PUBLIC "-//W3C//DTD XHTML 1.0 Transitional//EN"
    "http://www.w3.org/TR/xhtml1/DTD/xhtml1-transitional.dtd">
<html xmlns="http://www.w3.org/1999/xhtml" xml:lang="en" lang="en">
 <head>
  <title>
</title>
<meta http-equiv="Content-Type" content="text/html;charset=utf-8" />
  <meta name='ocr-system' content='tesseract 3.04.00' />
  <meta name='ocr-capabilities' content='ocr_page ocr_carea ocr_par ocr_line ocrx_word'/>
</head>
<body>
  <div class='ocr_page' id='page_1' title='image "./analectahymnica31drevuoft_00058.png"; bbox 0 0 1651 2606; ppageno 0'>
   <div class='ocr_carea' id='block_1_1' title="bbox 200 188 231 222">
    <p class='ocr_par' dir='ltr' id='par_1_1' title="bbox 200 188 231 222">
     <span class='ocr_line' id='line_1_1' title="bbox 200 188 231 222; baseline -0.065 0"><span class='ocrx_word' id='word_1_1' title='bbox 200 188 231 222; x_wconf 84' lang='lat'>7.</span> 
     </span>
    </p>
   </div>
   <div class='ocr_carea' id='block_1_2' title="bbox 705 87 942 129">
    <p class='ocr_par' dir='ltr' id='par_1_2' title="bbox 705 87 942 129">
     <span class='ocr_line' id='line_1_2' title="bbox 705 87 942 129; baseline 0.004 -11"><span class='ocrx_word' id='word_1_2' title='bbox 705 87 942 129; x_wconf 66' lang='lat'>-55.„</span> 
     </span>
    </p>
   </div>
   <div class='ocr_carea' id='block_1_3' title="bbox 256 185 757 465">
    <p class='ocr_par' dir='ltr' id='par_1_3' title="bbox 256 185 757 465">
     <span class='ocr_line' id='line_1_3' title="bbox 256 185 757 233; baseline 0.008 -15"><span class='ocrx_word' id='word_1_3' title='bbox 256 185 342 219; x_wconf 86' lang='lat' dir='ltr'>Dum</span> <span class='ocrx_word' id='word_1_4' title='bbox 366 185 501 219; x_wconf 83' lang='lat' dir='ltr'>iuvenca</span> <span class='ocrx_word' id='word_1_5' title='bbox 528 193 757 233; x_wconf 78' lang='lat' dir='ltr'>concrematur,</span> 
     </span>
     <span class='ocr_line' id='line_1_4' title="bbox 260 234 722 276; baseline 0.006 -9"><span class='ocrx_word' id='word_1_6' title='bbox 260 234 304 267; x_wconf 92' lang='lat' dir='ltr'>Ut</span> <span class='ocrx_word' id='word_1_7' title='bbox 329 234 491 266; x_wconf 85' lang='lat' dir='ltr'>sollemnis</span> <span class='ocrx_word' id='word_1_8' title='bbox 516 236 722 276; x_wconf 82' lang='lat' dir='ltr'>impendatur</span> 
     </span>
     <span class='ocr_line' id='line_1_5' title="bbox 306 282 617 326; baseline 0.006 -12"><span class='ocrx_word' id='word_1_9' title='bbox 306 282 434 315; x_wconf 89' lang='lat' dir='ltr'>Iudaeis</span> <span class='ocrx_word' id='word_1_10' title='bbox 464 285 617 326; x_wconf 83' lang='lat' dir='ltr'>aspersio,</span> 
     </span>
     <span class='ocr_line' id='line_1_6' title="bbox 258 329 747 371; baseline 0.002 -10"><span class='ocrx_word' id='word_1_11' title='bbox 258 330 378 370; x_wconf 88' lang='lat' dir='ltr'>Byssus</span> <span class='ocrx_word' id='word_1_12' title='bbox 406 329 525 362; x_wconf 82' lang='lat' dir='ltr'><strong>Christi</strong></span> <span class='ocrx_word' id='word_1_13' title='bbox 549 334 747 371; x_wconf 81' lang='lat' dir='ltr'>purpuratur</span> 
     </span>
     <span class='ocr_line' id='line_1_7' title="bbox 257 377 720 422; baseline 0.006 -14"><span class='ocrx_word' id='word_1_14' title='bbox 257 377 302 409; x_wconf 89' lang='lat' dir='ltr'>Et</span> <span class='ocrx_word' id='word_1_15' title='bbox 326 377 441 417; x_wconf 86' lang='lat' dir='ltr'>colore,</span> <span class='ocrx_word' id='word_1_16' title='bbox 470 387 531 417; x_wconf 86' lang='lat' dir='ltr'>quo</span> <span class='ocrx_word' id='word_1_17' title='bbox 556 382 720 422; x_wconf 85' lang='lat' dir='ltr'>purgatur,</span> 
     </span>
     <span class='ocr_line' id='line_1_8' title="bbox 305 425 666 465; baseline 0.006 -9"><span class='ocrx_word' id='word_1_18' title='bbox 305 425 393 457; x_wconf 83' lang='lat' dir='ltr'>Rosa</span> <span class='ocrx_word' id='word_1_19' title='bbox 417 428 563 465; x_wconf 74' lang='lat' dir='ltr'>praestat</span> <span class='ocrx_word' id='word_1_20' title='bbox 586 426 666 458; x_wconf 88' lang='lat' dir='ltr'>lilio.</span> 
     </span>
    </p>
   </div>
   <div class='ocr_carea' id='block_1_4' title="bbox 256 491 788 763">
    <p class='ocr_par' dir='ltr' id='par_1_4' title="bbox 256 491 747 532">
     <span class='ocr_line' id='line_1_9' title="bbox 256 491 747 532; baseline 0 -8"><span class='ocrx_word' id='word_1_21' title='bbox 256 491 303 524; x_wconf 87' lang='lat' dir='ltr'>Ut</span> <span class='ocrx_word' id='word_1_22' title='bbox 325 501 468 523; x_wconf 87' lang='lat' dir='ltr'>amarum</span> <span class='ocrx_word' id='word_1_23' title='bbox 493 501 556 523; x_wconf 87' lang='lat' dir='ltr'>non</span> <span class='ocrx_word' id='word_1_24' title='bbox 583 493 626 524; x_wconf 91' lang='lat' dir='ltr'>sit</span> <span class='ocrx_word' id='word_1_25' title='bbox 650 501 747 532; x_wconf 87' lang='lat' dir='ltr'>mare,</span> 
     </span>
    </p>

    <p class='ocr_par' dir='ltr' id='par_1_5' title="bbox 256 539 727 627">
     <span class='ocr_line' id='line_1_10' title="bbox 256 539 718 572; baseline 0.002 -1"><span class='ocrx_word' id='word_1_26' title='bbox 256 539 366 571; x_wconf 87' lang='lat' dir='ltr'>Ionam</span> <span class='ocrx_word' id='word_1_27' title='bbox 390 539 501 571; x_wconf 79' lang='lat' dir='ltr'>sorbet</span> <span class='ocrx_word' id='word_1_28' title='bbox 525 540 583 571; x_wconf 87' lang='lat' dir='ltr'>sed</span> <span class='ocrx_word' id='word_1_29' title='bbox 605 548 718 572; x_wconf 86' lang='lat' dir='ltr'>vorare</span> 
     </span>
     <span class='ocr_line' id='line_1_11' title="bbox 304 587 727 627; baseline 0.002 -9"><span class='ocrx_word' id='word_1_30' title='bbox 304 587 453 619; x_wconf 89' lang='lat' dir='ltr'>Clausum</span> <span class='ocrx_word' id='word_1_31' title='bbox 479 587 591 626; x_wconf 83' lang='lat' dir='ltr'>nequit</span> <span class='ocrx_word' id='word_1_32' title='bbox 614 587 727 627; x_wconf 85' lang='lat' dir='ltr'>bestia,</span> 
     </span>
    </p>

    <p class='ocr_par' dir='ltr' id='par_1_6' title="bbox 257 634 788 676">
     <span class='ocr_line' id='line_1_12' title="bbox 257 634 788 676; baseline -0.004 -8"><span class='ocrx_word' id='word_1_33' title='bbox 257 634 414 674; x_wconf 83' lang='lat' dir='ltr'>Christus,</span> <span class='ocrx_word' id='word_1_34' title='bbox 440 635 596 675; x_wconf 81' lang='lat' dir='ltr'>templum</span> <span class='ocrx_word' id='word_1_35' title='bbox 621 638 653 666; x_wconf 87' lang='lat' dir='ltr'>et</span> <span class='ocrx_word' id='word_1_36' title='bbox 676 635 788 676; x_wconf 86' lang='lat' dir='ltr'>altare,</span> 
     </span>
    </p>

    <p class='ocr_par' dir='ltr' id='par_1_7' title="bbox 256 682 778 763">
     <span class='ocr_line' id='line_1_13' title="bbox 256 682 778 722; baseline 0.002 -9"><span class='ocrx_word' id='word_1_37' title='bbox 256 682 424 722; x_wconf 89' lang='lat' dir='ltr'>Templum</span> <span class='ocrx_word' id='word_1_38' title='bbox 447 682 574 714; x_wconf 91' lang='lat' dir='ltr'>solvens</span> <span class='ocrx_word' id='word_1_39' title='bbox 596 685 778 715; x_wconf 82' lang='lat' dir='ltr'>restaurare</span> 
     </span>
     <span class='ocr_line' id='line_1_14' title="bbox 301 730 607 763; baseline 0 0"><span class='ocrx_word' id='word_1_40' title='bbox 301 730 364 763; x_wconf 90' lang='lat' dir='ltr'>Die</span> <span class='ocrx_word' id='word_1_41' title='bbox 388 730 478 762; x_wconf 90' lang='lat' dir='ltr'>novit</span> <span class='ocrx_word' id='word_1_42' title='bbox 502 730 607 763; x_wconf 87' lang='lat' dir='ltr'>tertia.</span> 
     </span>
    </p>
   </div>
   <div class='ocr_carea' id='block_1_5' title="bbox 253 797 784 1078">
    <p class='ocr_par' dir='ltr' id='par_1_8' title="bbox 253 797 784 1078">
     <span class='ocr_line' id='line_1_15' title="bbox 256 797 747 836; baseline 0 -7"><span class='ocrx_word' id='word_1_43' title='bbox 256 797 320 829; x_wconf 91' lang='lat' dir='ltr'>Hic</span> <span class='ocrx_word' id='word_1_44' title='bbox 344 799 393 828; x_wconf 89' lang='lat' dir='ltr'>est</span> <span class='ocrx_word' id='word_1_45' title='bbox 421 797 537 830; x_wconf 88' lang='lat' dir='ltr'>vermis</span> <span class='ocrx_word' id='word_1_46' title='bbox 564 798 747 836; x_wconf 83' lang='lat' dir='ltr'>matutinuS,</span> 
     </span>
     <span class='ocr_line' id='line_1_16' title="bbox 257 844 715 886; baseline 0 -9"><span class='ocrx_word' id='word_1_47' title='bbox 257 844 467 885; x_wconf 87' lang='lat' dir='ltr'>Corruptelae</span> <span class='ocrx_word' id='word_1_48' title='bbox 491 855 555 878; x_wconf 91' lang='lat' dir='ltr'>non</span> <span class='ocrx_word' id='word_1_49' title='bbox 582 846 715 886; x_wconf 83' lang='lat' dir='ltr'>vicinuS‚</span> 
     </span>
     <span class='ocr_line' id='line_1_17' title="bbox 302 892 761 933; baseline -0.004 -8"><span class='ocrx_word' id='word_1_50' title='bbox 302 892 367 933; x_wconf 88' lang='lat' dir='ltr'>Sol,</span> <span class='ocrx_word' id='word_1_51' title='bbox 394 893 448 932; x_wconf 90' lang='lat' dir='ltr'>qui</span> <span class='ocrx_word' id='word_1_52' title='bbox 473 893 575 924; x_wconf 84' lang='lat' dir='ltr'>siccat</span> <span class='ocrx_word' id='word_1_53' title='bbox 599 893 761 932; x_wconf 75' lang='lat' dir='ltr'>hederam,</span> 
     </span>
     <span class='ocr_line' id='line_1_18' title="bbox 254 940 763 981; baseline -0.002 -9"><span class='ocrx_word' id='word_1_54' title='bbox 254 941 352 980; x_wconf 80' lang='lat' dir='ltr'>Quem</span> <span class='ocrx_word' id='word_1_55' title='bbox 378 940 551 972; x_wconf 86' lang='lat' dir='ltr'>sustollens</span> <span class='ocrx_word' id='word_1_56' title='bbox 578 941 644 972; x_wconf 87' lang='lat' dir='ltr'>alta</span> <span class='ocrx_word' id='word_1_57' title='bbox 668 940 763 981; x_wconf 80' lang='lat' dir='ltr'>pinus</span> 
     </span>
     <span class='ocr_line' id='line_1_19' title="bbox 253 987 647 1020; baseline 0 0"><span class='ocrx_word' id='word_1_58' title='bbox 253 987 358 1020; x_wconf 90' lang='lat' dir='ltr'>Infert</span> <span class='ocrx_word' id='word_1_59' title='bbox 383 989 411 1019; x_wconf 89' lang='lat' dir='ltr'>ei</span> <span class='ocrx_word' id='word_1_60' title='bbox 438 988 519 1019; x_wconf 90' lang='lat' dir='ltr'>nihil</span> <span class='ocrx_word' id='word_1_61' title='bbox 544 988 647 1020; x_wconf 91' lang='lat' dir='ltr'>minus</span> 
     </span>
     <span class='ocr_line' id='line_1_20' title="bbox 299 1035 784 1078; baseline -0.004 -11"><span class='ocrx_word' id='word_1_62' title='bbox 299 1035 370 1078; x_wconf 87' lang='lat' dir='ltr'>His,</span> <span class='ocrx_word' id='word_1_63' title='bbox 398 1036 452 1076; x_wconf 91' lang='lat' dir='ltr'>qui</span> <span class='ocrx_word' id='word_1_64' title='bbox 473 1035 586 1069; x_wconf 84' lang='lat' dir='ltr'>vivunt</span> <span class='ocrx_word' id='word_1_65' title='bbox 601 1043 784 1075; x_wconf 84' lang='lat' dir='ltr'>perperam,</span> 
     </span>
    </p>
   </div>
   <div class='ocr_carea' id='block_1_6' title="bbox 860 191 914 225">
    <p class='ocr_par' dir='ltr' id='par_1_9' title="bbox 860 191 914 225">
     <span class='ocr_line' id='line_1_21' title="bbox 860 191 914 225; baseline 0.019 -1"><span class='ocrx_word' id='word_1_66' title='bbox 860 191 914 225; x_wconf 79' lang='lat'>12.</span> 
     </span>
    </p>
   </div>
   <div class='ocr_carea' id='block_1_7' title="bbox 861 494 914 527">
    <p class='ocr_par' dir='ltr' id='par_1_10' title="bbox 861 494 914 527">
     <span class='ocr_line' id='line_1_22' title="bbox 861 494 914 527; baseline 0 -1"><span class='ocrx_word' id='word_1_67' title='bbox 861 494 914 527; x_wconf 83' lang='lat'>13.</span> 
     </span>
    </p>
   </div>
   <div class='ocr_carea' id='block_1_8' title="bbox 859 798 913 830">
    <p class='ocr_par' dir='ltr' id='par_1_11' title="bbox 859 798 913 830">
     <span class='ocr_line' id='line_1_23' title="bbox 859 798 913 830; baseline -0.037 0"><span class='ocrx_word' id='word_1_68' title='bbox 859 798 913 830; x_wconf 83' lang='lat'>14.</span> 
     </span>
    </p>
   </div>
   <div class='ocr_carea' id='block_1_9' title="bbox 940 190 1420 469">
    <p class='ocr_par' dir='ltr' id='par_1_12' title="bbox 940 190 1402 413">
     <span class='ocr_line' id='line_1_24' title="bbox 940 190 1292 225; baseline -0.003 0"><span class='ocrx_word' id='word_1_69' title='bbox 940 191 1109 225; x_wconf 82' lang='lat' dir='ltr'>Inserebat</span> <span class='ocrx_word' id='word_1_70' title='bbox 1132 190 1183 223; x_wconf 89' lang='lat' dir='ltr'>illi</span> <span class='ocrx_word' id='word_1_71' title='bbox 1208 195 1292 224; x_wconf 88' lang='lat' dir='ltr'>serto</span> 
     </span>
     <span class='ocr_line' id='line_1_25' title="bbox 943 239 1401 272; baseline 0.002 -1"><span class='ocrx_word' id='word_1_72' title='bbox 943 241 1065 271; x_wconf 85' lang='lat' dir='ltr'>Auctor</span> <span class='ocrx_word' id='word_1_73' title='bbox 1091 241 1195 270; x_wconf 88' lang='lat' dir='ltr'>certus</span> <span class='ocrx_word' id='word_1_74' title='bbox 1220 239 1252 270; x_wconf 89' lang='lat' dir='ltr'>in</span> <span class='ocrx_word' id='word_1_75' title='bbox 1279 240 1401 272; x_wconf 87' lang='lat' dir='ltr'>incerto</span> 
     </span>
     <span class='ocr_line' id='line_1_26' title="bbox 988 286 1334 328; baseline 0 -10"><span class='ocrx_word' id='word_1_76' title='bbox 988 286 1168 319; x_wconf 85' lang='lat' dir='ltr'>Maiestatis</span> <span class='ocrx_word' id='word_1_77' title='bbox 1190 286 1334 328; x_wconf 84' lang='lat' dir='ltr'>gloriam,</span> 
     </span>
     <span class='ocr_line' id='line_1_27' title="bbox 942 333 1398 373; baseline 0.002 -8"><span class='ocrx_word' id='word_1_78' title='bbox 942 333 1026 365; x_wconf 89' lang='lat' dir='ltr'>Dum</span> <span class='ocrx_word' id='word_1_79' title='bbox 1052 334 1205 365; x_wconf 81' lang='lat' dir='ltr'>clamaret</span> <span class='ocrx_word' id='word_1_80' title='bbox 1228 333 1262 365; x_wconf 90' lang='lat' dir='ltr'>in</span> <span class='ocrx_word' id='word_1_81' title='bbox 1287 337 1398 373; x_wconf 83' lang='lat' dir='ltr'>aperto</span> 
     </span>
     <span class='ocr_line' id='line_1_28' title="bbox 942 381 1402 413; baseline 0 0"><span class='ocrx_word' id='word_1_82' title='bbox 942 381 1007 413; x_wconf 88' lang='lat' dir='ltr'>Sed</span> <span class='ocrx_word' id='word_1_83' title='bbox 1034 382 1192 413; x_wconf 83' lang='lat' dir='ltr'>desertam</span> <span class='ocrx_word' id='word_1_84' title='bbox 1216 381 1248 412; x_wconf 91' lang='lat' dir='ltr'>in</span> <span class='ocrx_word' id='word_1_85' title='bbox 1276 381 1402 413; x_wconf 85' lang='lat' dir='ltr'>deserto</span> 
     </span>
    </p>

    <p class='ocr_par' dir='ltr' id='par_1_13' title="bbox 993 428 1420 469">
     <span class='ocr_line' id='line_1_29' title="bbox 993 428 1420 469; baseline -0.002 -8"><span class='ocrx_word' id='word_1_86' title='bbox 993 430 1115 469; x_wconf 84' lang='lat' dir='ltr'>Aquam</span> <span class='ocrx_word' id='word_1_87' title='bbox 1141 428 1226 460; x_wconf 85' lang='lat' dir='ltr'>vitae</span> <span class='ocrx_word' id='word_1_88' title='bbox 1253 429 1420 463; x_wconf 87' lang='lat' dir='ltr'>consciam.</span> 
     </span>
    </p>
   </div>
   <div class='ocr_carea' id='block_1_10' title="bbox 941 493 1432 764">
    <p class='ocr_par' dir='ltr' id='par_1_14' title="bbox 941 493 1432 764">
     <span class='ocr_line' id='line_1_30' title="bbox 942 493 1432 536; baseline 0 -10"><span class='ocrx_word' id='word_1_89' title='bbox 942 495 1026 527; x_wconf 90' lang='lat' dir='ltr'>Dum</span> <span class='ocrx_word' id='word_1_90' title='bbox 1052 498 1185 536; x_wconf 86' lang='lat' dir='ltr'>acetum,</span> <span class='ocrx_word' id='word_1_91' title='bbox 1215 494 1290 526; x_wconf 91' lang='lat' dir='ltr'>dum</span> <span class='ocrx_word' id='word_1_92' title='bbox 1315 493 1359 526; x_wconf 86' lang='lat' dir='ltr'>fel</span> <span class='ocrx_word' id='word_1_93' title='bbox 1384 495 1432 526; x_wconf 92' lang='lat' dir='ltr'>ori</span> 
     </span>
     <span class='ocr_line' id='line_1_31' title="bbox 941 542 1343 582; baseline -0.002 -8"><span class='ocrx_word' id='word_1_94' title='bbox 941 542 1154 582; x_wconf 82' lang='lat' dir='ltr'>Ministratur,</span> <span class='ocrx_word' id='word_1_95' title='bbox 1181 542 1343 582; x_wconf 83' lang='lat' dir='ltr'>peccatori</span> 
     </span>
     <span class='ocr_line' id='line_1_32' title="bbox 989 589 1402 631; baseline -0.002 -10"><span class='ocrx_word' id='word_1_96' title='bbox 989 590 1124 622; x_wconf 85' lang='lat' dir='ltr'>Sacrans</span> <span class='ocrx_word' id='word_1_97' title='bbox 1150 589 1235 621; x_wconf 86' lang='lat' dir='ltr'>Deus</span> <span class='ocrx_word' id='word_1_98' title='bbox 1262 589 1402 631; x_wconf 82' lang='lat' dir='ltr'>calicem,</span> 
     </span>
     <span class='ocr_line' id='line_1_33' title="bbox 941 636 1393 669; baseline -0.002 0"><span class='ocrx_word' id='word_1_99' title='bbox 941 636 1015 668; x_wconf 81' lang='lat' dir='ltr'>Non</span> <span class='ocrx_word' id='word_1_100' title='bbox 1038 638 1175 669; x_wconf 80' lang='lat' dir='ltr'>humano</span> <span class='ocrx_word' id='word_1_101' title='bbox 1199 645 1288 668; x_wconf 84' lang='lat' dir='ltr'>more</span> <span class='ocrx_word' id='word_1_102' title='bbox 1311 638 1393 669; x_wconf 83' lang='lat' dir='ltr'>mori</span> 
     </span>
     <span class='ocr_line' id='line_1_34' title="bbox 942 683 1367 727; baseline 0 -12"><span class='ocrx_word' id='word_1_103' title='bbox 942 683 1153 727; x_wconf 74' lang='lat' dir='ltr'>Dedignatur,</span> <span class='ocrx_word' id='word_1_104' title='bbox 1180 685 1237 716; x_wconf 88' lang='lat' dir='ltr'>sed</span> <span class='ocrx_word' id='word_1_105' title='bbox 1264 685 1367 716; x_wconf 88' lang='lat' dir='ltr'>cruori</span> 
     </span>
     <span class='ocr_line' id='line_1_35' title="bbox 988 732 1374 764; baseline 0 -1"><span class='ocrx_word' id='word_1_106' title='bbox 988 732 1106 763; x_wconf 83' lang='lat' dir='ltr'>Miscet</span> <span class='ocrx_word' id='word_1_107' title='bbox 1129 733 1213 764; x_wconf 83' lang='lat' dir='ltr'>latus</span> <span class='ocrx_word' id='word_1_108' title='bbox 1237 732 1374 763; x_wconf 86' lang='lat' dir='ltr'>laticem.</span> 
     </span>
    </p>
   </div>
   <div class='ocr_carea' id='block_1_11' title="bbox 940 798 1409 1067">
    <p class='ocr_par' dir='ltr' id='par_1_15' title="bbox 940 798 1409 1067">
     <span class='ocr_line' id='line_1_36' title="bbox 942 798 1409 839; baseline -0.004 -8"><span class='ocrx_word' id='word_1_109' title='bbox 942 798 1191 831; x_wconf 86' lang='lat' dir='ltr'>Commendatur</span> <span class='ocrx_word' id='word_1_110' title='bbox 1215 799 1409 839; x_wconf 87' lang='lat' dir='ltr'>sepulturae,</span> 
     </span>
     <span class='ocr_line' id='line_1_37' title="bbox 942 845 1342 886; baseline -0.003 -9"><span class='ocrx_word' id='word_1_111' title='bbox 942 845 1103 886; x_wconf 87' lang='lat' dir='ltr'>Sepelitur</span> <span class='ocrx_word' id='word_1_112' title='bbox 1127 849 1178 877; x_wconf 88' lang='lat' dir='ltr'>tus</span> <span class='ocrx_word' id='word_1_113' title='bbox 1202 846 1235 876; x_wconf 91' lang='lat' dir='ltr'>in</span> <span class='ocrx_word' id='word_1_114' title='bbox 1261 848 1342 886; x_wconf 86' lang='lat' dir='ltr'>ture,</span> 
     </span>
     <span class='ocr_line' id='line_1_38' title="bbox 988 892 1342 932; baseline -0.006 -7"><span class='ocrx_word' id='word_1_115' title='bbox 988 893 1165 925; x_wconf 87' lang='lat' dir='ltr'>Balsamita</span> <span class='ocrx_word' id='word_1_116' title='bbox 1189 892 1342 932; x_wconf 81' lang='lat' dir='ltr'>balsamo,</span> 
     </span>
     <span class='ocr_line' id='line_1_39' title="bbox 941 940 1382 972; baseline 0 -1"><span class='ocrx_word' id='word_1_117' title='bbox 941 941 1062 972; x_wconf 88' lang='lat' dir='ltr'>Puncto</span> <span class='ocrx_word' id='word_1_118' title='bbox 1087 940 1190 972; x_wconf 89' lang='lat' dir='ltr'>noctis</span> <span class='ocrx_word' id='word_1_119' title='bbox 1216 943 1382 971; x_wconf 88' lang='lat' dir='ltr'>secuturae</span> 
     </span>
     <span class='ocr_line' id='line_1_40' title="bbox 940 987 1342 1027; baseline -0.005 -8"><span class='ocrx_word' id='word_1_120' title='bbox 940 987 1103 1027; x_wconf 86' lang='lat' dir='ltr'>Usurpato</span> <span class='ocrx_word' id='word_1_121' title='bbox 1130 987 1251 1019; x_wconf 89' lang='lat' dir='ltr'>claudit</span> <span class='ocrx_word' id='word_1_122' title='bbox 1274 987 1342 1018; x_wconf 88' lang='lat' dir='ltr'>iure</span> 
     </span>
     <span class='ocr_line' id='line_1_41' title="bbox 987 1034 1356 1067; baseline 0 -1"><span class='ocrx_word' id='word_1_123' title='bbox 987 1035 1095 1067; x_wconf 86' lang='lat' dir='ltr'>Talem</span> <span class='ocrx_word' id='word_1_124' title='bbox 1122 1034 1180 1067; x_wconf 85' lang='lat' dir='ltr'>tali</span> <span class='ocrx_word' id='word_1_125' title='bbox 1205 1034 1356 1066; x_wconf 89' lang='lat' dir='ltr'>thalamo.</span> 
     </span>
    </p>
   </div>
   <div class='ocr_carea' id='block_1_12' title="bbox 172 1101 1469 1449">
    <p class='ocr_par' dir='ltr' id='par_1_16' title="bbox 172 1101 1469 1449">
     <span class='ocr_line' id='line_1_42' title="bbox 172 1101 1380 1142; baseline -0.005 -4"><span class='ocrx_word' id='word_1_126' title='bbox 172 1105 226 1138; x_wconf 78' lang='lat'>10.</span> <span class='ocrx_word' id='word_1_127' title='bbox 250 1102 419 1135; x_wconf 82' lang='lat' dir='ltr'>Habitavit</span> <span class='ocrx_word' id='word_1_128' title='bbox 444 1102 555 1134; x_wconf 88' lang='lat' dir='ltr'>urbem</span> <span class='ocrx_word' id='word_1_129' title='bbox 579 1103 675 1134; x_wconf 82' lang='lat' dir='ltr'>lunae</span> <span class='ocrx_word' id='word_1_130' title='bbox 856 1101 912 1134; x_wconf 79' lang='lat'>15.</span> <span class='ocrx_word' id='word_1_131' title='bbox 937 1102 1005 1135; x_wconf 83' lang='lat' dir='ltr'>Iste</span> <span class='ocrx_word' id='word_1_132' title='bbox 1028 1102 1112 1142; x_wconf 89' lang='lat' dir='ltr'>lapis</span> <span class='ocrx_word' id='word_1_133' title='bbox 1139 1103 1187 1133; x_wconf 84' lang='lat' dir='ltr'>est</span> <span class='ocrx_word' id='word_1_134' title='bbox 1209 1101 1380 1141; x_wconf 86' lang='lat' dir='ltr'>iacinthus,</span> 
     </span>
     <span class='ocr_line' id='line_1_43' title="bbox 253 1149 1439 1193; baseline -0.002 -11"><span class='ocrx_word' id='word_1_135' title='bbox 253 1150 439 1190; x_wconf 79' lang='lat' dir='ltr'>Prostituta,</span> <span class='ocrx_word' id='word_1_136' title='bbox 466 1151 524 1182; x_wconf 87' lang='lat' dir='ltr'>sed</span> <span class='ocrx_word' id='word_1_137' title='bbox 550 1151 691 1193; x_wconf 89' lang='lat' dir='ltr'>impune,</span> <span class='ocrx_word' id='word_1_138' title='bbox 938 1149 1020 1182; x_wconf 91' lang='lat' dir='ltr'>Dum</span> <span class='ocrx_word' id='word_1_139' title='bbox 1048 1158 1106 1181; x_wconf 85' lang='lat' dir='ltr'>rex</span> <span class='ocrx_word' id='word_1_140' title='bbox 1131 1149 1210 1181; x_wconf 85' lang='lat' dir='ltr'>caeli</span> <span class='ocrx_word' id='word_1_141' title='bbox 1235 1149 1319 1180; x_wconf 82' lang='lat' dir='ltr'>iacet</span> <span class='ocrx_word' id='word_1_142' title='bbox 1343 1149 1439 1189; x_wconf 86' lang='lat' dir='ltr'>intus,</span> 
     </span>
     <span class='ocr_line' id='line_1_44' title="bbox 301 1196 1384 1238; baseline -0.003 -8"><span class='ocrx_word' id='word_1_143' title='bbox 301 1198 387 1237; x_wconf 76' lang='lat' dir='ltr'>Quae</span> <span class='ocrx_word' id='word_1_144' title='bbox 412 1198 470 1233; x_wconf 84' lang='lat' dir='ltr'>sub</span> <span class='ocrx_word' id='word_1_145' title='bbox 497 1201 575 1238; x_wconf 86' lang='lat' dir='ltr'>typo</span> <span class='ocrx_word' id='word_1_146' title='bbox 602 1198 768 1229; x_wconf 90' lang='lat' dir='ltr'>criminum</span> <span class='ocrx_word' id='word_1_147' title='bbox 988 1197 1087 1237; x_wconf 88' lang='lat' dir='ltr'>Lapis</span> <span class='ocrx_word' id='word_1_148' title='bbox 1115 1199 1240 1230; x_wconf 80' lang='lat' dir='ltr'>clausus</span> <span class='ocrx_word' id='word_1_149' title='bbox 1266 1196 1384 1236; x_wconf 83' lang='lat' dir='ltr'>lapide,</span> 
     </span>
     <span class='ocr_line' id='line_1_45' title="bbox 252 1244 1468 1287; baseline -0.002 -10"><span class='ocrx_word' id='word_1_150' title='bbox 252 1246 419 1286; x_wconf 82' lang='lat' dir='ltr'>Figuravit</span> <span class='ocrx_word' id='word_1_151' title='bbox 445 1249 623 1287; x_wconf 87' lang='lat' dir='ltr'>opportune</span> <span class='ocrx_word' id='word_1_152' title='bbox 940 1245 1071 1276; x_wconf 84' lang='lat' dir='ltr'>Vinctos</span> <span class='ocrx_word' id='word_1_153' title='bbox 1096 1246 1222 1277; x_wconf 86' lang='lat' dir='ltr'>solvens</span> <span class='ocrx_word' id='word_1_154' title='bbox 1247 1244 1317 1283; x_wconf 90' lang='lat' dir='ltr'>ipse</span> <span class='ocrx_word' id='word_1_155' title='bbox 1333 1244 1468 1286; x_wconf 91' lang='lat' dir='ltr'>vinctus,</span> 
     </span>
     <span class='ocr_line' id='line_1_46' title="bbox 252 1291 1435 1336; baseline -0.003 -11"><span class='ocrx_word' id='word_1_156' title='bbox 252 1293 382 1325; x_wconf 87' lang='lat' dir='ltr'>Sacrum</span> <span class='ocrx_word' id='word_1_157' title='bbox 406 1292 501 1325; x_wconf 89' lang='lat' dir='ltr'>funus</span> <span class='ocrx_word' id='word_1_158' title='bbox 527 1303 583 1325; x_wconf 91' lang='lat' dir='ltr'>suo</span> <span class='ocrx_word' id='word_1_159' title='bbox 610 1292 694 1336; x_wconf 84' lang='lat' dir='ltr'>sune,</span> <span class='ocrx_word' id='word_1_160' title='bbox 938 1292 1025 1324; x_wconf 82' lang='lat' dir='ltr'>Deus</span> <span class='ocrx_word' id='word_1_161' title='bbox 1053 1293 1160 1324; x_wconf 88' lang='lat' dir='ltr'>vivens</span> <span class='ocrx_word' id='word_1_162' title='bbox 1187 1291 1236 1323; x_wconf 90' lang='lat' dir='ltr'>vir</span> <span class='ocrx_word' id='word_1_163' title='bbox 1261 1291 1435 1322; x_wconf 76' lang='lat' dir='ltr'>exstinctus</span> 
     </span>
     <span class='ocr_line' id='line_1_47' title="bbox 301 1338 1352 1382; baseline -0.003 -8"><span class='ocrx_word' id='word_1_164' title='bbox 301 1341 367 1380; x_wconf 76' lang='lat' dir='ltr'>Quo</span> <span class='ocrx_word' id='word_1_165' title='bbox 393 1342 551 1382; x_wconf 78' lang='lat' dir='ltr'>pependit</span> <span class='ocrx_word' id='word_1_166' title='bbox 576 1341 750 1373; x_wconf 88' lang='lat' dir='ltr'>coccinum.</span> <span class='ocrx_word' id='word_1_167' title='bbox 986 1340 1061 1371; x_wconf 80' lang='lat' dir='ltr'>Zelo</span> <span class='ocrx_word' id='word_1_168' title='bbox 1087 1339 1189 1380; x_wconf 88' lang='lat' dir='ltr'>gentis</span> <span class='ocrx_word' id='word_1_169' title='bbox 1213 1338 1352 1372; x_wconf 81' lang='lat' dir='ltr'>invidae.</span> 
     </span>
     <span class='ocr_line' id='line_1_48' title="bbox 176 1406 1469 1449; baseline -0.004 -7"><span class='ocrx_word' id='word_1_170' title='bbox 176 1410 227 1443; x_wconf 89' lang='lat'>11.</span> <span class='ocrx_word' id='word_1_171' title='bbox 252 1409 298 1442; x_wconf 90' lang='lat' dir='ltr'>Ut</span> <span class='ocrx_word' id='word_1_172' title='bbox 320 1409 394 1449; x_wconf 90' lang='lat' dir='ltr'>plus</span> <span class='ocrx_word' id='word_1_173' title='bbox 419 1411 494 1449; x_wconf 85' lang='lat' dir='ltr'>agat</span> <span class='ocrx_word' id='word_1_174' title='bbox 516 1409 549 1441; x_wconf 92' lang='lat' dir='ltr'>in</span> <span class='ocrx_word' id='word_1_175' title='bbox 576 1417 677 1449; x_wconf 86' lang='lat' dir='ltr'>agone</span> <span class='ocrx_word' id='word_1_176' title='bbox 855 1408 909 1439; x_wconf 85' lang='lat'>16.</span> <span class='ocrx_word' id='word_1_177' title='bbox 936 1408 1059 1438; x_wconf 87' lang='lat' dir='ltr'>Auctor</span> <span class='ocrx_word' id='word_1_178' title='bbox 1083 1407 1178 1443; x_wconf 86' lang='lat' dir='ltr'>vitae,</span> <span class='ocrx_word' id='word_1_179' title='bbox 1202 1406 1352 1445; x_wconf 86' lang='lat' dir='ltr'>princeps</span> <span class='ocrx_word' id='word_1_180' title='bbox 1381 1406 1469 1445; x_wconf 86' lang='lat' dir='ltr'>pacis</span> 
     </span>
    </p>
   </div>
   <div class='ocr_carea' id='block_1_13' title="bbox 248 1457 723 1689">
    <p class='ocr_par' dir='ltr' id='par_1_17' title="bbox 248 1457 699 1545">
     <span class='ocr_line' id='line_1_49' title="bbox 248 1457 699 1489; baseline -0.002 -1"><span class='ocrx_word' id='word_1_181' title='bbox 248 1457 354 1489; x_wconf 87' lang='lat' dir='ltr'>Decus</span> <span class='ocrx_word' id='word_1_182' title='bbox 380 1457 459 1488; x_wconf 82' lang='lat' dir='ltr'>serti</span> <span class='ocrx_word' id='word_1_183' title='bbox 484 1457 537 1489; x_wconf 88' lang='lat' dir='ltr'>vel</span> <span class='ocrx_word' id='word_1_184' title='bbox 564 1464 699 1488; x_wconf 84' lang='lat' dir='ltr'>coronae</span> 
     </span>
     <span class='ocr_line' id='line_1_50' title="bbox 299 1504 650 1545; baseline -0.006 -8"><span class='ocrx_word' id='word_1_185' title='bbox 299 1504 474 1545; x_wconf 82' lang='lat' dir='ltr'>Coaptatur</span> <span class='ocrx_word' id='word_1_186' title='bbox 500 1504 650 1545; x_wconf 85' lang='lat' dir='ltr'>crinibus,</span> 
     </span>
    </p>

    <p class='ocr_par' dir='ltr' id='par_1_18' title="bbox 248 1552 633 1593">
     <span class='ocr_line' id='line_1_51' title="bbox 248 1552 633 1593; baseline -0.003 -9"><span class='ocrx_word' id='word_1_187' title='bbox 248 1552 291 1584; x_wconf 80' lang='lat' dir='ltr'>Et</span> <span class='ocrx_word' id='word_1_188' title='bbox 316 1553 422 1584; x_wconf 83' lang='lat' dir='ltr'>soluta</span> <span class='ocrx_word' id='word_1_189' title='bbox 447 1552 633 1593; x_wconf 83' lang='lat' dir='ltr'>quaestione</span> 
     </span>
    </p>

    <p class='ocr_par' dir='ltr' id='par_1_19' title="bbox 250 1600 723 1689">
     <span class='ocr_line' id='line_1_52' title="bbox 250 1600 657 1640; baseline -0.002 -8"><span class='ocrx_word' id='word_1_190' title='bbox 250 1601 457 1632; x_wconf 88' lang='lat' dir='ltr'>Punctionem</span> <span class='ocrx_word' id='word_1_191' title='bbox 484 1600 657 1640; x_wconf 87' lang='lat' dir='ltr'>punctione</span> 
     </span>
     <span class='ocr_line' id='line_1_53' title="bbox 298 1647 723 1689; baseline 0 -10"><span class='ocrx_word' id='word_1_192' title='bbox 298 1648 417 1688; x_wconf 89' lang='lat' dir='ltr'>Vepres</span> <span class='ocrx_word' id='word_1_193' title='bbox 443 1647 534 1689; x_wconf 86' lang='lat' dir='ltr'>fugat</span> <span class='ocrx_word' id='word_1_194' title='bbox 560 1648 723 1688; x_wconf 78' lang='lat' dir='ltr'>vepribus,</span> 
     </span>
    </p>
   </div>
   <div class='ocr_carea' id='block_1_14' title="bbox 937 1453 1442 1684">
    <p class='ocr_par' dir='ltr' id='par_1_20' title="bbox 937 1453 1442 1538">
     <span class='ocr_line' id='line_1_54' title="bbox 937 1453 1442 1494; baseline -0.004 -9"><span class='ocrx_word' id='word_1_195' title='bbox 937 1455 1101 1494; x_wconf 85' lang='lat' dir='ltr'>Frangens</span> <span class='ocrx_word' id='word_1_196' title='bbox 1127 1453 1229 1485; x_wconf 88' lang='lat' dir='ltr'>minas</span> <span class='ocrx_word' id='word_1_197' title='bbox 1256 1455 1288 1483; x_wconf 86' lang='lat' dir='ltr'>et</span> <span class='ocrx_word' id='word_1_198' title='bbox 1310 1454 1442 1484; x_wconf 87' lang='lat' dir='ltr'>minacis</span> 
     </span>
     <span class='ocr_line' id='line_1_55' title="bbox 984 1500 1416 1538; baseline -0.005 -5"><span class='ocrx_word' id='word_1_199' title='bbox 984 1501 1088 1533; x_wconf 77' lang='lat' dir='ltr'>Lenta</span> <span class='ocrx_word' id='word_1_200' title='bbox 1112 1501 1251 1533; x_wconf 86' lang='lat' dir='ltr'>reddens</span> <span class='ocrx_word' id='word_1_201' title='bbox 1275 1500 1416 1538; x_wconf 83' lang='lat' dir='ltr'>brachia,</span> 
     </span>
    </p>

    <p class='ocr_par' dir='ltr' id='par_1_21' title="bbox 937 1546 1364 1586">
     <span class='ocr_line' id='line_1_56' title="bbox 937 1546 1364 1586; baseline -0.005 -6"><span class='ocrx_word' id='word_1_202' title='bbox 937 1549 986 1581; x_wconf 88' lang='lat' dir='ltr'>Tu</span> <span class='ocrx_word' id='word_1_203' title='bbox 1009 1549 1127 1581; x_wconf 70' lang='lat' dir='ltr'>divisos</span> <span class='ocrx_word' id='word_1_204' title='bbox 1150 1557 1248 1579; x_wconf 81' lang='lat' dir='ltr'>unum</span> <span class='ocrx_word' id='word_1_205' title='bbox 1273 1546 1364 1586; x_wconf 77' lang='lat' dir='ltr'>facis,</span> 
     </span>
    </p>

    <p class='ocr_par' dir='ltr' id='par_1_22' title="bbox 937 1595 1325 1684">
     <span class='ocr_line' id='line_1_57' title="bbox 937 1595 1325 1637; baseline -0.01 -8"><span class='ocrx_word' id='word_1_206' title='bbox 937 1597 1107 1637; x_wconf 81' lang='lat' dir='ltr'>Rapiendo</span> <span class='ocrx_word' id='word_1_207' title='bbox 1132 1595 1325 1628; x_wconf 86' lang='lat' dir='ltr'>contumacis</span> 
     </span>
     <span class='ocr_line' id='line_1_58' title="bbox 987 1644 1288 1684; baseline 0 -8"><span class='ocrx_word' id='word_1_208' title='bbox 987 1645 1148 1684; x_wconf 80' lang='lat' dir='ltr'>Spoliatus</span> <span class='ocrx_word' id='word_1_209' title='bbox 1175 1644 1288 1683; x_wconf 86' lang='lat' dir='ltr'>spolia.</span> 
     </span>
    </p>
   </div>
   <div class='ocr_carea' id='block_1_15' title="bbox 498 1712 1121 1992">
    <p class='ocr_par' dir='ltr' id='par_1_23' title="bbox 498 1712 1121 1992">
     <span class='ocr_line' id='line_1_59' title="bbox 498 1712 1022 1755; baseline -0.008 -8"><span class='ocrx_word' id='word_1_210' title='bbox 498 1715 552 1747; x_wconf 82' lang='lat'>17.</span> <span class='ocrx_word' id='word_1_211' title='bbox 581 1714 630 1746; x_wconf 91' lang='lat' dir='ltr'>Tu</span> <span class='ocrx_word' id='word_1_212' title='bbox 653 1713 706 1755; x_wconf 84' lang='lat' dir='ltr'>qui</span> <span class='ocrx_word' id='word_1_213' title='bbox 733 1712 814 1744; x_wconf 88' lang='lat' dir='ltr'>caeli</span> <span class='ocrx_word' id='word_1_214' title='bbox 838 1712 904 1744; x_wconf 89' lang='lat' dir='ltr'>lato</span> <span class='ocrx_word' id='word_1_215' title='bbox 929 1713 1022 1752; x_wconf 89' lang='lat' dir='ltr'>lates,</span> 
     </span>
     <span class='ocr_line' id='line_1_60' title="bbox 583 1759 1039 1801; baseline -0.007 -7"><span class='ocrx_word' id='word_1_216' title='bbox 583 1762 672 1794; x_wconf 83' lang='lat' dir='ltr'>Tuae</span> <span class='ocrx_word' id='word_1_217' title='bbox 699 1760 811 1801; x_wconf 74' lang='lat' dir='ltr'>dignas</span> <span class='ocrx_word' id='word_1_218' title='bbox 837 1759 907 1792; x_wconf 90' lang='lat' dir='ltr'>fero</span> <span class='ocrx_word' id='word_1_219' title='bbox 933 1763 1039 1800; x_wconf 83' lang='lat' dir='ltr'>grates</span> 
     </span>
     <span class='ocr_line' id='line_1_61' title="bbox 630 1808 1031 1851; baseline -0.007 -10"><span class='ocrx_word' id='word_1_220' title='bbox 630 1810 703 1842; x_wconf 86' lang='lat' dir='ltr'>Non</span> <span class='ocrx_word' id='word_1_221' title='bbox 729 1809 874 1849; x_wconf 82' lang='lat' dir='ltr'>ingratus</span> <span class='ocrx_word' id='word_1_222' title='bbox 900 1808 1031 1851; x_wconf 82' lang='lat' dir='ltr'>gratiae,</span> 
     </span>
     <span class='ocr_line' id='line_1_62' title="bbox 580 1856 1064 1898; baseline -0.006 -9"><span class='ocrx_word' id='word_1_223' title='bbox 580 1857 658 1898; x_wconf 86' lang='lat' dir='ltr'>Fac,</span> <span class='ocrx_word' id='word_1_224' title='bbox 685 1859 721 1889; x_wconf 92' lang='lat' dir='ltr'>ut</span> <span class='ocrx_word' id='word_1_225' title='bbox 745 1856 859 1888; x_wconf 88' lang='lat' dir='ltr'>tendat</span> <span class='ocrx_word' id='word_1_226' title='bbox 878 1858 951 1887; x_wconf 85' lang='lat' dir='ltr'>tuus</span> <span class='ocrx_word' id='word_1_227' title='bbox 975 1859 1064 1887; x_wconf 87' lang='lat' dir='ltr'>vates</span> 
     </span>
     <span class='ocr_line' id='line_1_63' title="bbox 581 1904 1121 1944; baseline -0.006 -7"><span class='ocrx_word' id='word_1_228' title='bbox 581 1906 642 1937; x_wconf 89' lang='lat' dir='ltr'>Per</span> <span class='ocrx_word' id='word_1_229' title='bbox 668 1906 726 1937; x_wconf 79' lang='lat' dir='ltr'>has</span> <span class='ocrx_word' id='word_1_230' title='bbox 751 1913 872 1944; x_wconf 86' lang='lat' dir='ltr'>poenas</span> <span class='ocrx_word' id='word_1_231' title='bbox 899 1904 940 1936; x_wconf 88' lang='lat' dir='ltr'>ad</span> <span class='ocrx_word' id='word_1_232' title='bbox 966 1905 1121 1943; x_wconf 72' lang='lat' dir='ltr'>pennatos</span> 
     </span>
     <span class='ocr_line' id='line_1_64' title="bbox 626 1952 1007 1992; baseline -0.013 -5"><span class='ocrx_word' id='word_1_233' title='bbox 626 1952 850 1986; x_wconf 87' lang='lat' dir='ltr'>Permanentis</span> <span class='ocrx_word' id='word_1_234' title='bbox 876 1952 1007 1992; x_wconf 86' lang='lat' dir='ltr'>gloriae.</span> 
     </span>
    </p>
   </div>
   <div class='ocr_carea' id='block_1_16' title="bbox 231 2023 1235 2068">
    <p class='ocr_par' dir='ltr' id='par_1_24' title="bbox 231 2023 1235 2068">
     <span class='ocr_line' id='line_1_65' title="bbox 231 2023 1235 2068; baseline -0.008 -7"><span class='ocrx_word' id='word_1_235' title='bbox 231 2032 301 2062; x_wconf 71' lang='lat' dir='ltr'>Coti.</span> <span class='ocrx_word' id='word_1_236' title='bbox 325 2032 490 2061; x_wconf 83' lang='lat' dir='ltr'>Londincn.</span> <span class='ocrx_word' id='word_1_237' title='bbox 512 2031 634 2068; x_wconf 82' lang='lat' dir='ltr'>(„Liber</span> <span class='ocrx_word' id='word_1_238' title='bbox 655 2025 820 2064; x_wconf 79' lang='lat' dir='ltr'>Cistercii“)</span> <span class='ocrx_word' id='word_1_239' title='bbox 839 2028 912 2055; x_wconf 83' lang='lat' dir='ltr'>Add.</span> <span class='ocrx_word' id='word_1_240' title='bbox 936 2025 1042 2055; x_wconf 78' lang='lat'>15722.</span> <span class='ocrx_word' id='word_1_241' title='bbox 1063 2035 1139 2054; x_wconf 83' lang='lat' dir='ltr'>saec.</span> <span class='ocrx_word' id='word_1_242' title='bbox 1161 2023 1235 2053; x_wconf 59' lang='lat'><strong>1²213.</strong></span> 
     </span>
    </p>
   </div>
   <div class='ocr_carea' id='block_1_17' title="bbox 338 2156 1287 2204">
    <p class='ocr_par' dir='ltr' id='par_1_25' title="bbox 338 2156 1287 2204">
     <span class='ocr_line' id='line_1_66' title="bbox 338 2156 1287 2204; baseline -0.011 -7"><span class='ocrx_word' id='word_1_243' title='bbox 338 2166 387 2197; x_wconf 84' lang='lat'>47.</span> <span class='ocrx_word' id='word_1_244' title='bbox 422 2163 590 2204; x_wconf 83' lang='lat' dir='ltr'>„Sequitur</span> <span class='ocrx_word' id='word_1_245' title='bbox 611 2161 743 2194; x_wconf 83' lang='lat' dir='ltr'>devotus</span> <span class='ocrx_word' id='word_1_246' title='bbox 765 2159 886 2201; x_wconf 81' lang='lat' dir='ltr'>riginus</span> <span class='ocrx_word' id='word_1_247' title='bbox 908 2158 1082 2191; x_wconf 83' lang='lat' dir='ltr'>dominicae</span> <span class='ocrx_word' id='word_1_248' title='bbox 1102 2156 1287 2199; x_wconf 63' lang='lat' dir='ltr'>passionisf‘</span> 
     </span>
    </p>
   </div>
   <div class='ocr_carea' id='block_1_18' title="bbox 854 2237 1390 2425">
    <p class='ocr_par' dir='ltr' id='par_1_26' title="bbox 854 2237 1390 2425">
     <span class='ocr_line' id='line_1_67' title="bbox 854 2237 1390 2282; baseline -0.011 -8"><span class='ocrx_word' id='word_1_249' title='bbox 854 2245 885 2274; x_wconf 86' lang='lat'>2.</span> <span class='ocrx_word' id='word_1_250' title='bbox 913 2241 1034 2273; x_wconf 85' lang='lat' dir='ltr'>Tentus</span> <span class='ocrx_word' id='word_1_251' title='bbox 1059 2247 1195 2282; x_wconf 80' lang='lat' dir='ltr'>namque</span> <span class='ocrx_word' id='word_1_252' title='bbox 1220 2247 1239 2270; x_wconf 87' lang='lat' dir='ltr'>a</span> <span class='ocrx_word' id='word_1_253' title='bbox 1263 2237 1390 2269; x_wconf 85' lang='lat' dir='ltr'>Iudaeis</span> 
     </span>
     <span class='ocr_line' id='line_1_68' title="bbox 913 2285 1326 2325; baseline -0.017 -3"><span class='ocrx_word' id='word_1_254' title='bbox 913 2289 958 2322; x_wconf 89' lang='lat' dir='ltr'>Et</span> <span class='ocrx_word' id='word_1_255' title='bbox 982 2289 1107 2321; x_wconf 87' lang='lat' dir='ltr'>oblatus</span> <span class='ocrx_word' id='word_1_256' title='bbox 1132 2285 1326 2325; x_wconf 83' lang='lat' dir='ltr'>Pharisaeis‚</span> 
     </span>
     <span class='ocr_line' id='line_1_69' title="bbox 915 2335 1299 2370; baseline -0.018 0"><span class='ocrx_word' id='word_1_257' title='bbox 915 2338 1107 2370; x_wconf 85' lang='lat' dir='ltr'>Innocenter</span> <span class='ocrx_word' id='word_1_258' title='bbox 1131 2335 1299 2367; x_wconf 86' lang='lat' dir='ltr'>accusatur</span> 
     </span>
     <span class='ocr_line' id='line_1_70' title="bbox 915 2381 1332 2425; baseline -0.01 -7"><span class='ocrx_word' id='word_1_259' title='bbox 915 2385 960 2418; x_wconf 81' lang='lat' dir='ltr'>Et</span> <span class='ocrx_word' id='word_1_260' title='bbox 984 2385 1140 2425; x_wconf 84' lang='lat' dir='ltr'>probrose</span> <span class='ocrx_word' id='word_1_261' title='bbox 1161 2381 1332 2414; x_wconf 85' lang='lat' dir='ltr'>iudicatur.</span> 
     </span>
    </p>
   </div>
   <div class='ocr_carea' id='block_1_19' title="bbox 166 2245 726 2433">
    <p class='ocr_par' dir='ltr' id='par_1_27' title="bbox 166 2245 726 2433">
     <span class='ocr_line' id='line_1_71' title="bbox 166 2245 726 2282; baseline -0.011 0"><span class='ocrx_word' id='word_1_262' title='bbox 166 2250 197 2282; x_wconf 86' lang='lat'>1.</span> <span class='ocrx_word' id='word_1_263' title='bbox 226 2246 371 2282; x_wconf 83' lang='lat' dir='ltr'>Christus</span> <span class='ocrx_word' id='word_1_264' title='bbox 396 2246 486 2279; x_wconf 83' lang='lat' dir='ltr'>Deus</span> <span class='ocrx_word' id='word_1_265' title='bbox 512 2245 606 2277; x_wconf 90' lang='lat' dir='ltr'>homo</span> <span class='ocrx_word' id='word_1_266' title='bbox 632 2247 726 2277; x_wconf 86' lang='lat' dir='ltr'>natus</span> 
     </span>
     <span class='ocr_line' id='line_1_72' title="bbox 221 2295 704 2329; baseline -0.008 -1"><span class='ocrx_word' id='word_1_267' title='bbox 221 2295 265 2329; x_wconf 88' lang='lat' dir='ltr'>Et</span> <span class='ocrx_word' id='word_1_268' title='bbox 290 2296 324 2328; x_wconf 89' lang='lat' dir='ltr'>in</span> <span class='ocrx_word' id='word_1_269' title='bbox 348 2295 468 2327; x_wconf 89' lang='lat' dir='ltr'>mundo</span> <span class='ocrx_word' id='word_1_270' title='bbox 496 2296 704 2325; x_wconf 80' lang='lat' dir='ltr'>conversatus</span> 
     </span>
     <span class='ocr_line' id='line_1_73' title="bbox 222 2342 710 2378; baseline -0.01 -1"><span class='ocrx_word' id='word_1_271' title='bbox 222 2345 362 2378; x_wconf 84' lang='lat' dir='ltr'>Poenam</span> <span class='ocrx_word' id='word_1_272' title='bbox 387 2343 463 2375; x_wconf 88' lang='lat' dir='ltr'>tulit</span> <span class='ocrx_word' id='word_1_273' title='bbox 489 2342 710 2375; x_wconf 81' lang='lat' dir='ltr'>damnatorum</span> 
     </span>
     <span class='ocr_line' id='line_1_74' title="bbox 221 2392 704 2433; baseline -0.012 -7"><span class='ocrx_word' id='word_1_274' title='bbox 221 2392 356 2433; x_wconf 86' lang='lat' dir='ltr'>Absque</span> <span class='ocrx_word' id='word_1_275' title='bbox 380 2400 466 2424; x_wconf 81' lang='lat' dir='ltr'>noxa</span> <span class='ocrx_word' id='word_1_276' title='bbox 489 2393 704 2430; x_wconf 83' lang='lat' dir='ltr'>pcccatorum.</span> 
     </span>
    </p>
   </div>
  </div>
 </body>
</html>
