1651 2606
158 192 189 226 5.

140 2226 195 2261 10.

644 112 686 119 .--

215 191 307 231 Quod
330 191 434 233 surgis
457 191 492 223 in
517 190 622 224 triduo

261 248 320 272 nec
343 240 429 272 ultra
451 238 598 278 moraris,

214 287 283 319 Nec
306 287 396 327 prius
421 286 587 326 anticipas,

262 343 357 367 verus
382 332 572 366 ostendaris.

214 381 316 414 Homo
341 381 438 420 Deus,
465 380 530 419 qui,
555 381 592 410 ut
615 379 673 421 vis,

262 431 364 460 morte
387 426 565 459 molestaris

216 477 266 508 Ac
289 483 456 515 resurgens
480 472 625 513 protinus

261 525 374 563 potens
402 520 629 560 comprobaris.

184 624 192 631 .
218 599 410 637 Omnemque
433 597 594 628 miseriam

260 644 417 684 surgendo
444 643 587 684 deponis,

214 692 328 725 Clauso
355 699 478 731 quoque
500 690 622 722 tumulo

263 740 416 771 documen
442 738 498 769 das
523 737 615 769 bonis

212 785 308 818 Fidei
332 786 372 817 de
395 785 519 825 virgine

259 834 360 866 matre
383 832 443 865 Dei
471 832 571 870 doniS,

216 880 311 913 Cuius
336 880 540 922 puerperium

260 936 375 968 expers
400 927 544 962 rationis

180 1030 188 1036 .
214 1003 268 1036 Sic
292 1006 324 1036 et
347 1004 389 1036 ad
416 1003 589 1044 discipulos

261 1051 350 1083 ostiis
374 1051 504 1083 intrasti

215 1098 337 1130 clausis
363 1108 401 1130 ac
425 1098 467 1130 ad
493 1098 650 1138 integrum

261 1146 340 1186 ipsis
365 1146 525 1187 reparasti

216 1193 328 1225 Fidem
355 1201 490 1233 sumens,
516 1193 727 1233 commedens‚

263 1241 374 1273 lateris
397 1241 592 1281 monstrasti,

214 1287 358 1329 Manum,
382 1288 501 1328 pedum
526 1288 667 1332 vulnera,

259 1336 313 1375 pie
341 1335 510 1368 roborasti.

183 1435 190 1443 .
215 1411 368 1450 Resurgis
392 1411 548 1443 veraciter

264 1457 435 1498 quidquam
463 1467 525 1490 non
549 1466 700 1498 passurus

215 1505 328 1545 Neque
352 1515 410 1546 pro
436 1505 614 1537 hominibus

263 1553 348 1584 ultro
373 1552 555 1595 moriturus,

215 1599 318 1632 Doces
344 1600 423 1632 haec
447 1600 588 1632 salubria

264 1656 334 1679 cum
358 1648 421 1679 tuis
446 1656 623 1688 mansurus,

218 1694 381 1726 Promittis
407 1695 556 1727 caelestia

262 1750 387 1781 semper
411 1745 608 1781 regnaturus.

185 1843 192 1852 ,
220 1816 311 1848 Tunc
334 1819 366 1848 et
390 1817 520 1849 limbum
546 1818 678 1851 visitans

265 1862 423 1896 infernum
449 1865 626 1906 praedaris,

219 1911 338 1953 Captos
361 1914 433 1944 tuos
457 1912 598 1944 liberans

263 1959 382 1992 blande
407 1959 589 1997 consolaris,

218 2007 242 2039 Ο
270 2006 503 2047 desiderabilis,

266 2054 319 2086 diu
344 2054 560 2096 praestolaris,

218 2101 329 2134 Patres
355 2101 510 2134 clamant:
537 2100 625 2133 solve
649 2109 717 2143 nos,

264 2149 340 2189 quia
364 2149 547 2183 dominaris.

222 2226 311 2259 Tunc
335 2226 488 2259 horrendi
514 2226 682 2258 daemones

262 2274 376 2307 iustius
402 2273 473 2307 elisi

216 2321 441 2354 Resistendum
466 2321 586 2362 gloriae

264 2370 332 2411 regi
356 2374 431 2402 sunt
454 2369 567 2413 advisi,

737 89 805 127 104
852 108 900 116 —-

816 406 871 438 11.

813 813 868 845 12.

814 1221 869 1254 13.

814 1629 870 1662 14.

817 2037 872 2069 15.

896 187 1092 227 Angelorum
1117 185 1242 227 agmine

945 234 1111 266 tormentis
1138 233 1242 277 divisi,

898 281 1079 321 Eductique
1103 281 1220 321 singuli

945 329 1076 360 nimium
1101 328 1213 369 gavisi.

899 404 1076 437 Suscitatus
1101 412 1238 445 appares

943 453 994 484 bis
1019 456 1069 484 ter
1093 453 1198 492 prima
1226 451 1278 482 die

897 501 1069 541 Primoque
1093 507 1173 539 prae
1197 497 1343 530 omnibus

943 547 1157 588 Magdalenae
1181 546 1326 585 Mariae;

897 594 1013 635 Diligit
1037 594 1212 635 ardentius,

945 645 1043 674 testes
1069 642 1136 674 eius
1160 642 1232 673 viae

898 689 988 732 Sunt,
1013 692 1052 721 ut
1073 690 1209 721 multum
1234 688 1404 729 quaeritat,

943 736 1066 769 invenit
1089 740 1121 768 et
1144 736 1206 778 pie.

893 811 1049 844 Mulieres
1071 811 1208 843 humiles

943 859 1052 892 Simon
1077 859 1294 898 oboedientes,

894 908 933 941 In
957 907 1078 939 Emaus
1101 915 1260 947 pauperes

946 955 1046 987 clausi
1071 954 1272 996 paenitentes

896 1002 1068 1042 Quinquies
1095 1001 1207 1034 diebus
1231 1001 1303 1034 aliis

942 1050 1038 1089 plura
1060 1050 1272 1089 invenientes,

896 1096 1038 1129 Thomae
1063 1106 1134 1129 cum
1157 1096 1333 1139 discipulis,

941 1147 1033 1177 notat
1057 1145 1244 1178 ambientes

897 1221 1033 1261 Signant
1053 1220 1087 1252 in
1112 1221 1256 1261 piscapio

945 1269 1011 1301 divi
1035 1269 1271 1312 praedicantes,

895 1315 1008 1348 Monte
1032 1315 1161 1348 Thabor
1185 1316 1298 1348 visitas

941 1363 1028 1395 viros
1055 1363 1316 1402 contemplantes,

895 1411 1048 1450 Increpas
1073 1413 1107 1442 et
1128 1411 1279 1442 undecim

945 1458 1024 1490 dure
1050 1460 1281 1499 concertantes,

895 1506 1083 1538 Ascendens
1108 1506 1156 1537 sic
1181 1514 1315 1546 corpore

946 1553 1067 1585 deseris
1093 1554 1269 1585 tristantes.

896 1628 977 1661 Sunt
1002 1633 1034 1661 et
1057 1631 1123 1661 tres
1148 1629 1297 1662 residuae

944 1677 1172 1717 apparitiones,

897 1723 1012 1757 Licent
1037 1725 1238 1766 evangelicae

943 1781 1007 1804 non
1033 1772 1143 1805 dicant
1166 1773 1333 1814 lectiones,

896 1818 1028 1851 Patrum
1054 1820 1112 1852 has
1138 1820 1302 1853 veridicae

944 1868 1076 1899 tradunt
1100 1869 1251 1908 rationeS,

899 1914 1103 1954 creduntque
1126 1915 1214 1948 haud
1241 1914 1338 1947 dubie

945 1970 1053 1994 omnes
1077 1963 1234 1997 nationes.

898 2036 1090 2079 Dicuntque‚
1116 2039 1201 2079 quod
1228 2040 1346 2072 claruit

945 2093 1077 2127 surgens
1101 2087 1204 2127 primo
1231 2088 1284 2119 die

896 2133 1025 2176 Ioseph,
1050 2134 1192 2174 Alphaei
1215 2134 1347 2178 Iacobo,

945 2181 1062 2222 virgini
1085 2182 1220 2223 Mariae,

900 2228 1138 2269 Conresurgunt
1161 2230 1293 2271 plurimi

947 2280 1140 2317 apparentes
1163 2278 1229 2318 pie,

898 2324 1090 2357 Paradisum
1112 2328 1260 2357 comeunt

947 2380 1024 2405 sono
1049 2372 1244 2408 harmoniae.
