1653 2608
683 84 941 125 -185-ἐ

603 191 658 223 181.
693 193 736 224 De
753 193 783 224 X
803 193 931 226 Gaudiis
950 193 1037 225 BMV.

174 277 206 311 1.
235 276 358 317 Gaude,
387 279 488 312 dulcis
513 291 531 314 0
556 282 672 325 Maria,
882 285 913 319 8.
941 284 1062 326 Gaude,
1083 283 1167 323 quod
1184 282 1354 315 humanum
1372 293 1469 324 genus

279 325 374 357 Felix
399 332 431 359 et
453 328 557 370 beata,
987 332 1048 365 Per
1074 334 1106 362 te
1129 331 1285 363 liberatur

230 373 314 405 Prae
340 376 461 407 cunctis
486 377 673 409 mulieribus
939 380 1045 420 Atque
1066 380 1173 419 lapsus
1199 379 1382 419 angelorum

279 421 363 453 Nam
389 431 421 454 es
448 425 597 459 exaltata.
988 429 1050 460 Per
1074 430 1107 458 te
1131 429 1338 459 restauratur.

172 507 203 539 2.
231 505 355 550 Gaude,
382 518 455 540 nam
480 518 539 549 per
565 511 743 543 castitatem
884 513 914 546 9.
939 512 1061 554 Gaude,
1088 512 1162 552 quia
1186 512 1253 544 sola
1278 515 1312 544 tu

277 555 376 588 Tuam
403 558 557 598 meruisti,
989 560 1150 593 Salvatrix
1173 560 1361 593 miserorum

230 602 321 641 Quod
348 607 383 636 tu
408 605 477 636 sola
501 606 699 638 saeculorum
941 608 986 640 Es
1011 617 1133 640 necnon
1158 607 1314 648 refugium

278 651 360 692 Regi
385 652 545 691 placuisti.
989 656 1032 688 Et
1057 656 1143 688 salus
1168 659 1381 695 peccatorum.

176 737 207 769 3.
235 736 358 778 Gaude,
387 738 460 778 quia
487 742 593 771 votum
618 742 704 772 tuum
861 742 914 776 10.
943 741 1064 781 Gaude,
1092 741 1165 781 quia
1189 744 1299 781 portus
1325 750 1358 773 es

279 786 366 818 Deus
393 787 574 826 acceptavit
990 790 1034 822 Et
1058 797 1131 828 spes
1157 789 1408 828 desperatorum,

234 833 342 873 Atque
364 835 397 865 te
422 843 501 874 prae
525 836 639 867 ceteris
937 837 982 869 Es
1008 845 1131 877 quoque
1155 837 1308 869 solacium

281 880 389 913 Solam
413 882 585 915 adamavit.
984 885 1029 917 Et
1052 887 1155 916 mater
1179 882 1380 916 afflictorum.

172 968 204 999 4.
233 965 356 1007 Gaude,
384 968 458 1008 quia
482 969 593 1001 mundi
619 978 685 1012 rex,
855 969 908 1003 11.
937 969 1058 1006 Gaude,
1086 970 1160 1008 quia
1182 969 1289 1008 Moysi

281 1015 339 1053 Qui
368 1016 498 1054 caelum,
525 1020 643 1049 terram
670 1019 761 1058 regit,
982 1017 1100 1057 Legem
1121 1017 1297 1056 implevisti

234 1061 270 1093 ln
296 1071 444 1102 sponsam
470 1064 518 1095 sui
543 1064 675 1096 thalami
935 1065 1042 1104 Atque
1064 1072 1165 1096 novae
1189 1064 1312 1104 gratiae

278 1109 325 1140 Te
350 1110 450 1142 solam
475 1112 661 1152 praeelegit.
983 1112 1090 1144 Vitam
1115 1111 1282 1143 inchoasti.

171 1196 202 1228 5.
231 1194 354 1237 Gaude,
381 1197 481 1237 virgo,
509 1198 592 1238 quod
618 1199 741 1231 vocaris
857 1198 910 1232 12.
940 1197 1062 1238 Gaude,
1090 1200 1223 1229 cunctae
1248 1200 1413 1230 creaturae

277 1243 401 1285 Regina
426 1246 625 1278 saeculomm
983 1246 1029 1277 Te
1054 1245 1187 1277 laudant
1212 1247 1244 1276 et
1267 1245 1402 1278 adorant

228 1291 273 1323 Et
300 1291 334 1323 in
359 1301 471 1325 aevum
499 1293 671 1327 dominaris
933 1293 979 1325 Et
1003 1293 1245 1325 misericordiae

279 1338 393 1372 Choris
418 1341 612 1381 angelorum.
982 1341 1120 1373 Matrem
1145 1343 1177 1371 te
1201 1340 1376 1380 appellant.

169 1426 200 1458 6.
229 1424 352 1466 Gaude,
380 1426 454 1466 quia
476 1427 631 1467 splendor
656 1437 689 1460 es
854 1428 908 1461 13.
937 1425 1059 1468 Gaude,
1085 1427 1150 1466 pia,
1177 1426 1288 1469 gaude,
1316 1425 1404 1466 felix,

273 1473 317 1505 Et
342 1474 461 1505 saeculi
486 1475 617 1507 lucerna
982 1475 1071 1515 Vale,
1097 1474 1280 1512 iucundare,

224 1521 270 1553 Et
294 1520 473 1562 glorificata
497 1514 536 1554 es’
933 1522 1049 1563 Maria,
1077 1522 1166 1562 virgo
1193 1522 1358 1562 virginum,

277 1568 391 1601 Laude
415 1570 619 1610 sempiterna.
979 1570 1156 1603 Exsultans
1181 1573 1216 1601 tu
1237 1570 1368 1602 laetare.

169 1657 201 1688 7.
230 1655 353 1695 Gaude,
378 1664 438 1695 per
464 1659 497 1688 te
523 1658 728 1691 christianum
852 1658 905 1691 14.
933 1656 1001 1689 Fac
1024 1667 1085 1699 me,
1110 1659 1198 1688 tuum
1223 1656 1395 1697 servulum,

278 1703 385 1736 Genus
411 1705 580 1746 exaltatur,
982 1706 1056 1738 Tibi
1082 1704 1283 1745 congaudere

227 1753 335 1792 Atque
359 1760 491 1793 regnum
515 1763 724 1794 supernorum
931 1753 981 1785 Ac
1004 1754 1039 1786 in
1062 1756 1118 1785 tua
1142 1752 1245 1793 gloria

275 1800 339 1833 Per
362 1802 395 1832 te
419 1804 598 1841 reparatur.
978 1802 1017 1834 In
1041 1809 1154 1834 aevum
1178 1803 1212 1832 te
1235 1800 1356 1834 videre.

228 1895 298 1925 Cod.
321 1894 350 1923 S.
371 1895 453 1924 Petri
474 1895 675 1934 Salisburgen.
699 1898 717 1925 b
737 1898 769 1925 Π
790 1895 816 1926 3.
845 1905 920 1925 saec.
952 1895 996 1925 15.
1016 1897 1050 1924 A.
1072 1910 1109 1914 —
1131 1894 1200 1923 Cod.
1222 1894 1251 1923 S.
1272 1895 1354 1923 Petri
1373 1894 1464 1922 Salis-

148 1936 269 1972 burgen.
294 1935 312 1962 b
335 1934 394 1962 VH
420 1932 465 1963 10.
493 1944 570 1964 saec.
601 1935 644 1963 15.
665 1937 698 1964 Β.
725 1953 762 1957 -
788 1936 868 1964 Orat.
894 1945 947 1964 ms.
963 1936 1144 1973 Tegurinum
1170 1935 1241 1961 anni
1267 1931 1349 1961 1470.
1391 1932 1464 1961 olm.

148 1974 303 2002 Monacen.
324 1971 433 2002 20021.
456 1974 487 2003 C.
510 1990 545 1994 —
568 1975 641 2003 Clm.
662 1975 816 2004 Monacen.
838 1973 889 2011 (01.
910 1973 1059 2011 Tegurin.)
1080 1970 1186 2001 19363.
1209 1981 1285 2001 saec.
1311 1970 1355 2000 15.
1376 1973 1413 2000 D.
1427 1987 1465 1991 —-

226 2011 257 2047 1,
280 2011 296 2040 1
327 2012 351 2041 Ο
371 2013 484 2048 Maria,
504 2014 593 2049 felix,
614 2014 710 2051 gaude
729 2015 766 2042 D.
788 2029 824 2033 ..-
847 2012 872 2050 1,
893 2012 912 2041 4
932 2015 990 2041 eris
1012 2012 1143 2041 exaltata
1160 2012 1198 2039 D.
1220 2027 1259 2032 —
1278 2010 1306 2043 4,
1327 2009 1344 2038 2
1366 2011 1464 2039 caelos

145 2052 233 2080 BCD.
262 2067 295 2071 —
327 2050 359 2087 5,
385 2050 400 2080 1
423 2052 532 2088 Gaude,
557 2053 635 2090 quod
655 2053 810 2081 vocaberis
831 2054 868 2081 D.
889 2067 926 2071 —
947 2050 974 2088 5,
995 2049 1012 2080 3
1032 2053 1130 2088 Atque
1149 2050 1348 2078 dominaberis
1368 2049 1405 2077 D.
1425 2065 1463 2069 —

146 2089 178 2125 6,
202 2088 217 2118 1
245 2090 384 2127 splendor
413 2092 470 2119 eris
489 2092 527 2119 D.
548 2108 587 2112 —
607 2090 633 2125 6,
654 2089 672 2120 3
691 2091 732 2119 Et
750 2091 963 2128 glorificaberis
983 2092 1020 2119 D.
1041 2105 1080 2110 —-
1100 2088 1126 2124 7,
1151 2087 1166 2116 1
1189 2088 1298 2123 Gaude,
1322 2088 1393 2123 quia
1412 2097 1464 2125 per

145 2132 175 2158 te
201 2138 294 2166 genus
314 2129 351 2157 D.
376 2145 416 2150 —
441 2129 474 2163 7,
495 2128 513 2157 2
538 2133 621 2158 tuum
647 2131 793 2159 exaltatur
812 2131 849 2158 D.
875 2146 913 2150 —
932 2129 959 2163 7,
981 2127 999 2158 3
1018 2129 1116 2166 Atque
1135 2136 1255 2165 germen
1267 2126 1366 2154 David
1385 2128 1463 2164 regis

143 2169 181 2197 D.
205 2185 241 2189 —
262 2166 289 2203 8,
309 2165 327 2194 2
347 2171 502 2206 reparatur
513 2170 551 2197 D.
572 2184 610 2188 -—
630 2167 656 2206 9,
674 2167 692 2198 3
709 2169 778 2197 Eris
800 2171 829 2197 et
848 2169 992 2204 refiigium
1006 2169 1043 2196 D.
1065 2181 1102 2187 υ-
1122 2165 1149 2200 9,
1164 2164 1183 2193 4
1203 2165 1342 2201 salusque
1361 2173 1463 2201 pecca-

143 2210 242 2235 torum
260 2207 297 2235 D.
324 2222 364 2227 —
391 2205 443 2243 10,
467 2205 482 2234 1
510 2210 611 2244 portus
637 2209 695 2236 eris
717 2208 754 2235 D.
780 2223 819 2227 —
846 2206 891 2242 10,
913 2206 930 2235 3
951 2207 1018 2235 Eris
1041 2215 1078 2235 ue
1099 2205 1240 2233 solacium
1262 2204 1298 2231 D.
1316 2219 1356 2222 —
1380 2201 1424 2238 11,
1444 2202 1462 2231 2

141 2246 238 2283 legem
265 2247 423 2274 renovabis
450 2246 488 2274 D.
515 2261 554 2266 —
580 2244 630 2282 11,
651 2244 670 2275 3
695 2255 802 2274 novam
829 2246 866 2274 D.
892 2261 930 2265 --
957 2216 1046 2280 lif}
1070 2245 1163 2271 vitam
1189 2242 1344 2270 inchoabis
1364 2242 1402 2269 D.
1426 2259 1463 2263 —

145 2283 189 2320 12,
213 2283 228 2313 1
251 2285 361 2320 Gaude,
385 2286 457 2322 quia
474 2286 572 2313 cuncti
591 2288 622 2313 te
640 2286 677 2313 D.
698 2301 734 2305 —
758 2283 801 2320 12,
822 2283 840 2312 2
860 2285 999 2313 mortales
1021 2283 1185 2312 adorabunt
1204 2281 1240 2308 D.
1261 2295 1298 2299 —
1322 2279 1366 2314 12,
1386 2278 1404 2308 3
1423 2281 1465 2309 Et

142 2333 221 2352 nunc
246 2326 276 2352 te
302 2325 469 2361 piissimam
491 2324 528 2352 D.
553 2340 592 2344 —
619 2321 670 2358 13,
689 2322 709 2352 4
727 2323 890 2352 Exsultans
917 2326 947 2352 te
971 2323 1094 2351 laudare
1113 2320 1173 2348 AB.
1193 2334 1231 2339 —
1252 2320 1308 2347 Str.
1335 2318 1371 2348 14
1390 2320 1465 2348 fehlt

140 2363 179 2390 D.
204 2378 243 2383 —
263 2363 290 2391 A
317 2363 401 2401 g-iebt
424 2363 474 2391 die
493 2362 668 2391 Aufschrift:
696 2363 831 2400 „Gaudia
856 2362 955 2391 decem
974 2357 1121 2396 Mariae“;
1150 2367 1180 2387 es
1201 2358 1373 2387 erscheinen
1393 2359 1464 2387 aber

140 2401 231 2430 deren
252 2399 289 2430 12
308 2402 483 2440 mifgefiihrt.
