1651 2606
770 102 1005 138 -50—

238 211 292 247 egi.
323 224 354 229 ——
384 209 442 237 Str.
469 206 486 235 6
506 206 566 233 und
585 204 602 232 7
624 202 726 232 steheu
745 202 776 228 in
796 198 949 227 ‹im-selben
971 194 1117 238 Hes-aher
1137 200 1184 219 am
1205 191 1333 235 anderen
1354 186 1434 232 prta,
1457 185 1544 213 ehen—

236 249 303 276 falls
328 248 426 276 hinter
452 248 545 273 einem
569 239 756 274 Mai-ieniied3
786 236 935 265 dieselben
962 233 1102 261 schemen
1132 239 1167 257 zu
1191 230 1306 265 obigern
1328 224 1420 254 Liede
1441 233 1477 252 zu
1497 231 1546 259 ge-

238 287 337 314 horen.

667 397 712 428 39.
746 396 792 427 Ad
813 392 969 427 Christum
991 390 1108 424 Oratio.

251 487 280 519 1.
309 484 418 517 Dulcis
441 484 541 519 1esuS‚
568 488 656 509 amor
679 484 777 515 meus,
931 475 961 506 2.
990 471 1097 505 Genus
1122 469 1285 511 perditum
1310 468 1493 504 humanum,

309 532 410 562 Verus
433 530 538 565 homo,
565 534 659 556 verus
683 523 782 561 Deus,
988 519 1082 559 Mihi,
1109 526 1235 558 precor,
1260 514 1381 556 praebe
1406 522 1540 552 manum,

355 578 474 617 Regum
501 581 558 606 rex
584 576 616 604 et
641 571 777 609 domine,
1039 567 1082 599 Ut
1112 576 1131 598 a
1156 569 1255 597 tanus
1281 571 1376 595 eruar
1444 609 1449 615 Ι

308 627 345 658 In
371 624 454 654 hune
476 620 623 653 mundum
652 618 704 659 qui
729 617 845 649 venisti
992 614 1053 647 Per
1077 623 1128 645 me
1154 613 1305 644 miserum
1329 612 1469 651 peccatis

307 674 413 710 Atque
438 673 491 700 tuo
517 665 680 699 redemisti
992 663 1030 695 In
1056 661 1117 704 ‚hac
1143 662 1209 693 vita
1232 658 1428 699 perpetratis

357 717 502 750 Pretioso
528 715 681 754 sanguine
1042 709 1086 741 Et
1110 708 1220 741 venire
1243 714 1369 739 merear

621 783 651 814 3.
678 780 733 812 Ad
758 782 800 818 te,
826 777 959 811 verbum
984 778 1186 809 incarnatum

678 827 750 866 Dei,
777 834 870 866 quem
893 821 1067 869 ama[m]us
1093 826 1201 855 natum

726 874 775 906 Ex
800 875 922 905 intaeta
946 872 1079 913 virgine.

315 943 384 972 Coei.
405 943 526 970 Trecen.
546 940 596 977 (ol.
618 940 823 975 Claravallen„
847 936 928 966 1612.
950 945 1025 966 saec.
1051 935 1096 964 15.

484 1079 533 1111 40.
569 1079 675 1111 Oratio
696 1086 752 1118 pro
773 1077 909 1118 peccatis
933 1078 971 1108 ad
992 1076 1152 1109 Dominum
1172 1075 1282 1108 Iesum.

254 1161 284 1193 1.
311 1158 386 1194 Iesu
411 1160 646 1201 benignissime,
935 1161 967 1191 4.
994 1156 1076 1197 Spes
1100 1159 1154 1190 hie
1179 1160 1212 1188 et
1232 1155 1391 1197 refugium

360 1207 401 1239 ad
425 1211 458 1239 te
481 1207 560 1239 fiens
587 1207 722 1247 suspiro,
1042 1215 1059 1237 o
1087 1206 1339 1245 desperatorum,

315 1255 446 1288 Custodi
471 1263 531 1295 me,
557 1255 702 1293 Domme,
993 1253 1054 1293 Da,
1077 1256 1274 1294 redemptor,
1301 1251 1460 1284 scelerum

358 1311 377 1333 a
401 1304 550 1342 serpente
575 1302 654 1345 diro,
1039 1301 1165 1334 veniam
1191 1309 1343 1340 meorum,

313 1350 395 1381 Nam
421 1357 592 1390 oppressus
617 1348 715 1388 vitiiS,
993 1348 1043 1381 Ne
1067 1349 1153 1380 ultra
1176 1348 1369 1384 memineris,

360 1397 442 1435 proh
466 1396 565 1438 dolor,
595 1396 695 1427 deliro
1042 1396 1189 1435 clemens,
1218 1396 1418 1437 delictorum,

315 1444 522 1476 Peccatorum
548 1442 676 1475 funibus
994 1443 1057 1475 Sed
1083 1444 1213 1484 ignosce
1237 1444 1346 1486 impio,

365 1492 547 1531 complexus
572 1491 604 1521 in
630 1498 718 1531 gyro.
1041 1491 1127 1522 salus
1152 1492 1351 1524 miserorum,

257 1557 291 1591 2.
317 1554 396 1594 Heu,
425 1557 496 1600 heu,
521 1557 583 1588 heu
607 1565 658 1588 me
683 1557 842 1598 miserum,
936 1559 967 1589 5.
995 1554 1083 1591 Vota
1106 1558 1160 1598 pie
1184 1558 1312 1598 suscipe

363 1613 435 1635 nam
459 1605 592 1646 peccavi
616 1603 719 1645 nimis,
1044 1605 1099 1637 diu
1123 1606 1327 1646 paenitentis,

315 1650 617 1685 Misericordissime
993 1653 1044 1685 De
1070 1653 1245 1685 commissis
1272 1656 1384 1685 contra
1408 1656 1442 1683 te

363 1703 466 1740 pater,
493 1699 547 1739 qui
570 1699 715 1731 sublimis
1041 1700 1154 1732 intime
1179 1700 1328 1742 dolentis,

319 1745 454 1777 Sedibus
479 1755 529 1777 me
553 1747 703 1778 miserum
995 1748 1126 1780 Intuere
1150 1749 1286 1789 gemitus

364 1793 498 1825 reducas
523 1793 562 1824 ab
586 1793 669 1834 imis,
1043 1798 1195 1836 pauperis
1220 1797 1370 1837 ingenue,

318 1840 368 1871 Ne
391 1841 516 1879 quando
542 1849 722 1872 remaneam
997 1845 1061 1876 Pro
1087 1844 1153 1875 suis
1177 1841 1309 1884 flagitiis

364 1887 397 1918 in
423 1888 585 1928 gehennae
609 1888 708 1919 rimis
1044 1899 1151 1923 coram
1176 1895 1208 1923 te
1232 1892 1426 1932 plangentis.

261 1943 292 1976 3.
320 1941 389 1983 Ego
413 1944 615 1984 miserabilis,
938 1949 968 1980 6.
996 1944 1032 1981 Si
1057 1956 1077 1978 a
1101 1948 1164 1979 tuis
1190 1949 1311 1980 semitis

365 2000 502 2030 gemens,
534 1992 730 2031 desperatus,
1043 1996 1206 2034 peccando
1232 1997 1339 2029 erravi

320 2039 529 2070 Peccatorum
554 2037 683 2070 funibus
996 2042 1161 2083 Tuamque
1184 2043 1384 2076 clementiam

369 2086 437 2117 dire
462 2086 631 2125 sauciatus,
1044 2090 1138 2122 nimis
1163 2093 1347 2133 provocavi,

319 2133 372 2165 Ad
397 2136 429 2164 te
454 2134 732 2165 clementissimum
996 2136 1043 2169 Te
1067 2140 1184 2180 tamen,
1212 2139 1356 2178 piissime

366 2179 452 2221 fugio
477 2183 668 2222 prostratus,
1042 2188 1147 2228 pater,
1172 2195 1237 2219 non
1262 2187 1388 2229 negavi,

319 2229 420 2262 Parce
443 2229 531 2268 mihi,
556 2228 700 2266 Domine,
996 2232 1062 2264 Sed
1087 2237 1122 2265 ut
1146 2242 1250 2266 meum
1278 2235 1440 2267 dominum

366 2285 424 2315 pro
449 2285 499 2308 me
522 2276 618 2307 morti
644 2276 747 2308 datus
1048 2289 1174 2321 semper
1199 2282 1343 2317 adoravi.

325 2351 404 2379 Orat.
433 2361 485 2379 ms.
510 2351 696 2380 Lehninense
725 2353 795 2379 anni
825 2350 899 2381 1518
920 2353 990 2382 Cod.
1012 2355 1178 2384 Berolinen.
1199 2354 1232 2384 4³
1253 2355 1299 2385 29.
1321 2373 1355 2378 —
1378 2357 1406 2392 2,
1427 2358 1444 2387 5
1466 2359 1556 2388 Sedes

248 2398 303 2417 nic.
327 2403 362 2408 ——
384 2388 409 2424 2,
431 2389 448 2418 6
470 2391 568 2418 Ducas
590 2389 636 2417 ab.
656 2404 695 2409 —-
717 2387 743 2424 5,
763 2388 781 2416 2
801 2392 852 2418 tui.
873 2405 910 2409 —
929 2392 1096 2421 Aerostieh:
1117 2394 1231 2423 ihesus.
