<?xml version="1.0" encoding="UTF-8"?>
<!DOCTYPE html PUBLIC "-//W3C//DTD XHTML 1.0 Transitional//EN"
    "http://www.w3.org/TR/xhtml1/DTD/xhtml1-transitional.dtd">
<html xmlns="http://www.w3.org/1999/xhtml" xml:lang="en" lang="en">
 <head>
  <title>
</title>
<meta http-equiv="Content-Type" content="text/html;charset=utf-8" />
  <meta name='ocr-system' content='tesseract 3.04.00' />
  <meta name='ocr-capabilities' content='ocr_page ocr_carea ocr_par ocr_line ocrx_word'/>
</head>
<body>
  <div class='ocr_page' id='page_1' title='image "./analectahymnica31drevuoft_00035.png"; bbox 0 0 1651 2606; ppageno 0'>
   <div class='ocr_carea' id='block_1_1' title="bbox 216 316 247 348">
    <p class='ocr_par' dir='ltr' id='par_1_1' title="bbox 216 316 247 348">
     <span class='ocr_line' id='line_1_1' title="bbox 216 316 247 348; baseline 0 0"><span class='ocrx_word' id='word_1_1' title='bbox 216 316 247 348; x_wconf 87' lang='lat'>1.</span> 
     </span>
    </p>
   </div>
   <div class='ocr_carea' id='block_1_2' title="bbox 211 1632 229 1663">
    <p class='ocr_par' dir='ltr' id='par_1_2' title="bbox 211 1632 229 1663">
     <span class='ocr_line' id='line_1_2' title="bbox 211 1632 229 1663; textangle 90"><span class='ocrx_word' id='word_1_2' title='bbox 211 1632 229 1663; x_wconf 59' lang='grc' dir='ltr'>Φ(</span> 
     </span>
    </p>
   </div>
   <div class='ocr_carea' id='block_1_3' title="bbox 732 109 967 144">
    <p class='ocr_par' dir='ltr' id='par_1_3' title="bbox 732 109 967 144">
     <span class='ocr_line' id='line_1_3' title="bbox 732 109 967 144; baseline -0.009 -8"><span class='ocrx_word' id='word_1_3' title='bbox 732 109 967 144; x_wconf 73' lang='lat'>-32-</span> 
     </span>
    </p>
   </div>
   <div class='ocr_carea' id='block_1_4' title="bbox 563 217 1138 261">
    <p class='ocr_par' dir='ltr' id='par_1_4' title="bbox 563 217 1138 261">
     <span class='ocr_line' id='line_1_4' title="bbox 563 217 1138 261; baseline -0.007 -6"><span class='ocrx_word' id='word_1_4' title='bbox 563 225 609 257; x_wconf 82' lang='lat'>26.</span> <span class='ocrx_word' id='word_1_5' title='bbox 639 225 683 255; x_wconf 88' lang='lat' dir='ltr'>De</span> <span class='ocrx_word' id='word_1_6' title='bbox 702 219 992 261; x_wconf 78' lang='lat' dir='ltr'>Transfiguratione</span> <span class='ocrx_word' id='word_1_7' title='bbox 1013 217 1138 251; x_wconf 77' lang='lat' dir='ltr'>Christi.</span> 
     </span>
    </p>
   </div>
   <div class='ocr_carea' id='block_1_5' title="bbox 271 313 797 587">
    <p class='ocr_par' dir='ltr' id='par_1_5' title="bbox 271 313 797 587">
     <span class='ocr_line' id='line_1_5' title="bbox 274 313 734 354; baseline -0.009 -7"><span class='ocrx_word' id='word_1_8' title='bbox 274 315 299 347; x_wconf 96' lang='lat' dir='ltr'>O</span> <span class='ocrx_word' id='word_1_9' title='bbox 326 324 380 346; x_wconf 85' lang='lat' dir='ltr'>cor</span> <span class='ocrx_word' id='word_1_10' title='bbox 403 322 517 354; x_wconf 88' lang='lat' dir='ltr'>meum,</span> <span class='ocrx_word' id='word_1_11' title='bbox 545 313 734 353; x_wconf 86' lang='lat' dir='ltr'>confortare,</span> 
     </span>
     <span class='ocr_line' id='line_1_6' title="bbox 273 359 759 400; baseline -0.008 -6"><span class='ocrx_word' id='word_1_12' title='bbox 273 362 397 394; x_wconf 87' lang='lat' dir='ltr'>Christo</span> <span class='ocrx_word' id='word_1_13' title='bbox 420 370 535 400; x_wconf 91' lang='lat' dir='ltr'>sponso</span> <span class='ocrx_word' id='word_1_14' title='bbox 563 359 759 393; x_wconf 85' lang='lat' dir='ltr'>conformare</span> 
     </span>
     <span class='ocr_line' id='line_1_7' title="bbox 316 408 678 447; baseline -0.011 -6"><span class='ocrx_word' id='word_1_15' title='bbox 316 408 354 441; x_wconf 89' lang='lat' dir='ltr'>In</span> <span class='ocrx_word' id='word_1_16' title='bbox 382 408 510 440; x_wconf 89' lang='lat' dir='ltr'>mortali</span> <span class='ocrx_word' id='word_1_17' title='bbox 535 415 678 447; x_wconf 85' lang='lat' dir='ltr'>corpore,</span> 
     </span>
     <span class='ocr_line' id='line_1_8' title="bbox 271 455 797 497; baseline -0.01 -9"><span class='ocrx_word' id='word_1_18' title='bbox 271 455 316 488; x_wconf 91' lang='lat' dir='ltr'>Ut</span> <span class='ocrx_word' id='word_1_19' title='bbox 338 458 414 497; x_wconf 85' lang='lat' dir='ltr'>post</span> <span class='ocrx_word' id='word_1_20' title='bbox 439 456 550 488; x_wconf 82' lang='lat' dir='ltr'><strong>tristes</strong></span> <span class='ocrx_word' id='word_1_21' title='bbox 573 462 658 485; x_wconf 88' lang='lat' dir='ltr'>nunc</span> <span class='ocrx_word' id='word_1_22' title='bbox 682 461 797 493; x_wconf 81' lang='lat' dir='ltr'>agones</span> 
     </span>
     <span class='ocr_line' id='line_1_9' title="bbox 272 501 651 534; baseline -0.008 0"><span class='ocrx_word' id='word_1_23' title='bbox 272 501 402 534; x_wconf 89' lang='lat' dir='ltr'>Subsint</span> <span class='ocrx_word' id='word_1_24' title='bbox 422 501 651 534; x_wconf 84' lang='lat' dir='ltr'>consolationes</span> 
     </span>
     <span class='ocr_line' id='line_1_10' title="bbox 316 548 661 587; baseline -0.012 -5"><span class='ocrx_word' id='word_1_25' title='bbox 316 550 354 582; x_wconf 87' lang='lat' dir='ltr'>In</span> <span class='ocrx_word' id='word_1_26' title='bbox 380 548 485 581; x_wconf 82' lang='lat' dir='ltr'>futuro</span> <span class='ocrx_word' id='word_1_27' title='bbox 510 551 661 587; x_wconf 90' lang='lat' dir='ltr'>tempore.</span> 
     </span>
    </p>
   </div>
   <div class='ocr_carea' id='block_1_6' title="bbox 237 642 779 685">
    <p class='ocr_par' dir='ltr' id='par_1_6' title="bbox 237 642 779 685">
     <span class='ocr_line' id='line_1_11' title="bbox 237 642 779 685; baseline -0.004 -10"><span class='ocrx_word' id='word_1_28' title='bbox 237 668 244 675; x_wconf 95' lang='lat'>.</span> <span class='ocrx_word' id='word_1_29' title='bbox 271 642 355 675; x_wconf 85' lang='lat' dir='ltr'><strong>Vide</strong></span> <span class='ocrx_word' id='word_1_30' title='bbox 378 651 484 683; x_wconf 84' lang='lat' dir='ltr'>regem</span> <span class='ocrx_word' id='word_1_31' title='bbox 509 642 562 674; x_wconf 87' lang='lat' dir='ltr'>hic</span> <span class='ocrx_word' id='word_1_32' title='bbox 587 643 779 685; x_wconf 84' lang='lat' dir='ltr'>despectum,</span> 
     </span>
    </p>
   </div>
   <div class='ocr_carea' id='block_1_7' title="bbox 265 689 783 913">
    <p class='ocr_par' dir='ltr' id='par_1_7' title="bbox 270 689 783 777">
     <span class='ocr_line' id='line_1_12' title="bbox 270 689 783 730; baseline 0 -9"><span class='ocrx_word' id='word_1_33' title='bbox 270 689 378 729; x_wconf 85' lang='lat' dir='ltr'>Sputis</span> <span class='ocrx_word' id='word_1_34' title='bbox 402 690 503 730; x_wconf 90' lang='lat' dir='ltr'>litum,</span> <span class='ocrx_word' id='word_1_35' title='bbox 530 689 630 729; x_wconf 88' lang='lat' dir='ltr'>spinis</span> <span class='ocrx_word' id='word_1_36' title='bbox 654 692 783 730; x_wconf 86' lang='lat' dir='ltr'>tectum,</span> 
     </span>
     <span class='ocr_line' id='line_1_13' title="bbox 316 737 754 777; baseline 0 -9"><span class='ocrx_word' id='word_1_37' title='bbox 316 737 387 768; x_wconf 86' lang='lat' dir='ltr'>Non</span> <span class='ocrx_word' id='word_1_38' title='bbox 411 737 580 769; x_wconf 77' lang='lat' dir='ltr'>habentem</span> <span class='ocrx_word' id='word_1_39' title='bbox 606 737 754 777; x_wconf 86' lang='lat' dir='ltr'>speciem,</span> 
     </span>
    </p>

    <p class='ocr_par' dir='ltr' id='par_1_8' title="bbox 265 782 721 816">
     <span class='ocr_line' id='line_1_14' title="bbox 265 782 721 816; baseline 0.002 -1"><span class='ocrx_word' id='word_1_40' title='bbox 265 782 312 815; x_wconf 87' lang='lat' dir='ltr'>Ut</span> <span class='ocrx_word' id='word_1_41' title='bbox 335 784 472 816; x_wconf 87' lang='lat' dir='ltr'>levatum</span> <span class='ocrx_word' id='word_1_42' title='bbox 498 784 581 815; x_wconf 88' lang='lat' dir='ltr'>celso</span> <span class='ocrx_word' id='word_1_43' title='bbox 607 785 721 816; x_wconf 83' lang='lat' dir='ltr'>throno</span> 
     </span>
    </p>

    <p class='ocr_par' dir='ltr' id='par_1_9' title="bbox 270 829 772 913">
     <span class='ocr_line' id='line_1_15' title="bbox 270 829 772 864; baseline 0.004 -2"><span class='ocrx_word' id='word_1_44' title='bbox 270 829 387 863; x_wconf 82' lang='lat' dir='ltr'>Cernas</span> <span class='ocrx_word' id='word_1_45' title='bbox 418 840 486 863; x_wconf 89' lang='lat' dir='ltr'>cum</span> <span class='ocrx_word' id='word_1_46' title='bbox 511 832 663 864; x_wconf 90' lang='lat' dir='ltr'>immenso</span> <span class='ocrx_word' id='word_1_47' title='bbox 691 833 772 864; x_wconf 90' lang='lat' dir='ltr'>dono</span> 
     </span>
     <span class='ocr_line' id='line_1_16' title="bbox 314 878 631 913; baseline 0.009 -3"><span class='ocrx_word' id='word_1_48' title='bbox 314 878 412 910; x_wconf 83' lang='lat' dir='ltr'>Facie</span> <span class='ocrx_word' id='word_1_49' title='bbox 439 880 481 911; x_wconf 87' lang='lat' dir='ltr'>ad</span> <span class='ocrx_word' id='word_1_50' title='bbox 506 878 631 913; x_wconf 83' lang='lat' dir='ltr'>faciem.</span> 
     </span>
    </p>
   </div>
   <div class='ocr_carea' id='block_1_8' title="bbox 235 972 719 1013">
    <p class='ocr_par' dir='ltr' id='par_1_10' title="bbox 235 972 719 1013">
     <span class='ocr_line' id='line_1_17' title="bbox 235 972 719 1013; baseline 0.004 -9"><span class='ocrx_word' id='word_1_51' title='bbox 235 996 242 1004; x_wconf 90' lang='lat'>.</span> <span class='ocrx_word' id='word_1_52' title='bbox 270 973 392 1013; x_wconf 89' lang='lat' dir='ltr'>Corpus</span> <span class='ocrx_word' id='word_1_53' title='bbox 417 976 504 1006; x_wconf 90' lang='lat' dir='ltr'>tuum</span> <span class='ocrx_word' id='word_1_54' title='bbox 530 972 719 1007; x_wconf 75' lang='lat' dir='ltr'>reformabit</span> 
     </span>
    </p>
   </div>
   <div class='ocr_carea' id='block_1_9' title="bbox 265 1019 788 1251">
    <p class='ocr_par' dir='ltr' id='par_1_11' title="bbox 269 1019 646 1111">
     <span class='ocr_line' id='line_1_18' title="bbox 269 1019 646 1061; baseline 0.005 -10"><span class='ocrx_word' id='word_1_55' title='bbox 269 1019 413 1059; x_wconf 85' lang='lat' dir='ltr'>Suaeque</span> <span class='ocrx_word' id='word_1_56' title='bbox 438 1020 646 1061; x_wconf 83' lang='lat' dir='ltr'>configurabit</span> 
     </span>
     <span class='ocr_line' id='line_1_19' title="bbox 317 1067 639 1111; baseline 0.006 -12"><span class='ocrx_word' id='word_1_57' title='bbox 317 1067 478 1100; x_wconf 88' lang='lat' dir='ltr'>Claritatis</span> <span class='ocrx_word' id='word_1_58' title='bbox 504 1070 639 1111; x_wconf 85' lang='lat' dir='ltr'>corpori,</span> 
     </span>
    </p>

    <p class='ocr_par' dir='ltr' id='par_1_12' title="bbox 269 1113 764 1158">
     <span class='ocr_line' id='line_1_20' title="bbox 269 1113 764 1158; baseline 0.006 -13"><span class='ocrx_word' id='word_1_59' title='bbox 269 1113 359 1152; x_wconf 78' lang='lat' dir='ltr'>Quod</span> <span class='ocrx_word' id='word_1_60' title='bbox 383 1115 417 1146; x_wconf 91' lang='lat' dir='ltr'>in</span> <span class='ocrx_word' id='word_1_61' title='bbox 442 1125 498 1148; x_wconf 84' lang='lat' dir='ltr'>suo</span> <span class='ocrx_word' id='word_1_62' title='bbox 525 1116 764 1158; x_wconf 81' lang='lat' dir='ltr'>demonstravit,</span> 
     </span>
    </p>

    <p class='ocr_par' dir='ltr' id='par_1_13' title="bbox 265 1161 788 1251">
     <span class='ocr_line' id='line_1_21' title="bbox 265 1161 788 1202; baseline 0.008 -9"><span class='ocrx_word' id='word_1_63' title='bbox 265 1161 374 1200; x_wconf 72' lang='lat' dir='ltr'>lpsum</span> <span class='ocrx_word' id='word_1_64' title='bbox 398 1164 523 1202; x_wconf 84' lang='lat' dir='ltr'>quando</span> <span class='ocrx_word' id='word_1_65' title='bbox 549 1163 788 1197; x_wconf 78' lang='lat' dir='ltr'>transformavit</span> 
     </span>
     <span class='ocr_line' id='line_1_22' title="bbox 314 1209 682 1251; baseline 0.008 -10"><span class='ocrx_word' id='word_1_66' title='bbox 314 1209 396 1242; x_wconf 87' lang='lat' dir='ltr'>Divo</span> <span class='ocrx_word' id='word_1_67' title='bbox 422 1211 558 1242; x_wconf 82' lang='lat' dir='ltr'>suadens</span> <span class='ocrx_word' id='word_1_68' title='bbox 583 1212 682 1251; x_wconf 88' lang='lat' dir='ltr'>operi.</span> 
     </span>
    </p>
   </div>
   <div class='ocr_carea' id='block_1_10' title="bbox 234 1303 818 1347">
    <p class='ocr_par' dir='ltr' id='par_1_14' title="bbox 234 1303 818 1347">
     <span class='ocr_line' id='line_1_23' title="bbox 234 1303 818 1347; baseline 0.005 -11"><span class='ocrx_word' id='word_1_69' title='bbox 234 1329 241 1336; x_wconf 96' lang='lat'>.</span> <span class='ocrx_word' id='word_1_70' title='bbox 263 1303 402 1342; x_wconf 82' lang='lat' dir='ltr'>Quodvis</span> <span class='ocrx_word' id='word_1_71' title='bbox 418 1313 575 1346; x_wconf 88' lang='lat' dir='ltr'>asperum,</span> <span class='ocrx_word' id='word_1_72' title='bbox 603 1307 688 1346; x_wconf 88' lang='lat' dir='ltr'>quod</span> <span class='ocrx_word' id='word_1_73' title='bbox 704 1310 818 1347; x_wconf 87' lang='lat' dir='ltr'>artum,</span> 
     </span>
    </p>
   </div>
   <div class='ocr_carea' id='block_1_11' title="bbox 263 1351 819 1579">
    <p class='ocr_par' dir='ltr' id='par_1_15' title="bbox 264 1351 802 1441">
     <span class='ocr_line' id='line_1_24' title="bbox 264 1351 802 1394; baseline 0.011 -14"><span class='ocrx_word' id='word_1_74' title='bbox 264 1351 412 1389; x_wconf 78' lang='lat' dir='ltr'>Quamvis</span> <span class='ocrx_word' id='word_1_75' title='bbox 439 1361 509 1384; x_wconf 84' lang='lat' dir='ltr'>cum</span> <span class='ocrx_word' id='word_1_76' title='bbox 532 1353 641 1385; x_wconf 89' lang='lat' dir='ltr'>dolore</span> <span class='ocrx_word' id='word_1_77' title='bbox 665 1357 802 1394; x_wconf 82' lang='lat' dir='ltr'>partum,</span> 
     </span>
     <span class='ocr_line' id='line_1_25' title="bbox 312 1398 624 1441; baseline 0.006 -12"><span class='ocrx_word' id='word_1_78' title='bbox 312 1398 384 1430; x_wconf 82' lang='lat' dir='ltr'>Non</span> <span class='ocrx_word' id='word_1_79' title='bbox 411 1400 624 1441; x_wconf 79' lang='lat' dir='ltr'>evacuabitur,</span> 
     </span>
    </p>

    <p class='ocr_par' dir='ltr' id='par_1_16' title="bbox 263 1443 819 1487">
     <span class='ocr_line' id='line_1_26' title="bbox 263 1443 819 1487; baseline 0.009 -12"><span class='ocrx_word' id='word_1_80' title='bbox 263 1443 392 1476; x_wconf 83' lang='lat' dir='ltr'>Laetam</span> <span class='ocrx_word' id='word_1_81' title='bbox 401 1455 437 1485; x_wconf 93' lang='lat' dir='ltr'>sp</span> <span class='ocrx_word' id='word_1_82' title='bbox 442 1455 488 1478; x_wconf 89' lang='lat' dir='ltr'>em</span> <span class='ocrx_word' id='word_1_83' title='bbox 498 1447 605 1487; x_wconf 88' lang='lat' dir='ltr'>datspl</span> <span class='ocrx_word' id='word_1_84' title='bbox 610 1448 708 1480; x_wconf 89' lang='lat' dir='ltr'>endor</span> <span class='ocrx_word' id='word_1_85' title='bbox 715 1449 819 1480; x_wconf 87' lang='lat' dir='ltr'>vultus</span> 
     </span>
    </p>

    <p class='ocr_par' dir='ltr' id='par_1_17' title="bbox 266 1490 785 1579">
     <span class='ocr_line' id='line_1_27' title="bbox 266 1490 785 1536; baseline 0.012 -14"><span class='ocrx_word' id='word_1_86' title='bbox 266 1490 392 1536; x_wconf 85' lang='lat' dir='ltr'>Christi,</span> <span class='ocrx_word' id='word_1_87' title='bbox 420 1497 528 1526; x_wconf 86' lang='lat' dir='ltr'>noster</span> <span class='ocrx_word' id='word_1_88' title='bbox 552 1494 644 1527; x_wconf 87' lang='lat' dir='ltr'>labor</span> <span class='ocrx_word' id='word_1_89' title='bbox 668 1497 785 1528; x_wconf 89' lang='lat' dir='ltr'>multus</span> 
     </span>
     <span class='ocr_line' id='line_1_28' title="bbox 313 1540 656 1579; baseline 0.012 -8"><span class='ocrx_word' id='word_1_90' title='bbox 313 1540 394 1571; x_wconf 87' lang='lat' dir='ltr'>Inde</span> <span class='ocrx_word' id='word_1_91' title='bbox 416 1541 656 1579; x_wconf 83' lang='lat' dir='ltr'>praemiabitur.</span> 
     </span>
    </p>
   </div>
   <div class='ocr_carea' id='block_1_12' title="bbox 236 1631 794 1682">
    <p class='ocr_par' dir='ltr' id='par_1_18' title="bbox 236 1631 794 1682">
     <span class='ocr_line' id='line_1_29' title="bbox 236 1631 794 1682; baseline 0.014 -20"><span class='ocrx_word' id='word_1_92' title='bbox 236 1656 241 1662; x_wconf 94' lang='lat'>.</span> <span class='ocrx_word' id='word_1_93' title='bbox 265 1631 369 1664; x_wconf 88' lang='lat' dir='ltr'>Adest</span> <span class='ocrx_word' id='word_1_94' title='bbox 392 1636 493 1674; x_wconf 84' lang='lat' dir='ltr'>patris</span> <span class='ocrx_word' id='word_1_95' title='bbox 518 1645 580 1669; x_wconf 78' lang='lat' dir='ltr'>vox</span> <span class='ocrx_word' id='word_1_96' title='bbox 606 1640 794 1682; x_wconf 87' lang='lat' dir='ltr'>contestans,</span> 
     </span>
    </p>
   </div>
   <div class='ocr_carea' id='block_1_13' title="bbox 268 1678 783 1914">
    <p class='ocr_par' dir='ltr' id='par_1_19' title="bbox 271 1678 740 1774">
     <span class='ocr_line' id='line_1_30' title="bbox 271 1678 740 1725; baseline 0.017 -15"><span class='ocrx_word' id='word_1_97' title='bbox 271 1678 386 1712; x_wconf 84' lang='lat' dir='ltr'>Lucem</span> <span class='ocrx_word' id='word_1_98' title='bbox 410 1683 503 1714; x_wconf 88' lang='lat' dir='ltr'>nubis</span> <span class='ocrx_word' id='word_1_99' title='bbox 528 1683 590 1716; x_wconf 88' lang='lat' dir='ltr'>sibi</span> <span class='ocrx_word' id='word_1_100' title='bbox 613 1688 740 1725; x_wconf 83' lang='lat' dir='ltr'>gestans</span> 
     </span>
     <span class='ocr_line' id='line_1_31' title="bbox 318 1727 665 1774; baseline 0.017 -16"><span class='ocrx_word' id='word_1_101' title='bbox 318 1727 455 1767; x_wconf 84' lang='lat' dir='ltr'>Spiritus</span> <span class='ocrx_word' id='word_1_102' title='bbox 480 1733 665 1774; x_wconf 82' lang='lat' dir='ltr'>paraclituS,</span> 
     </span>
    </p>

    <p class='ocr_par' dir='ltr' id='par_1_20' title="bbox 269 1774 705 1820">
     <span class='ocr_line' id='line_1_32' title="bbox 269 1774 705 1820; baseline 0.016 -15"><span class='ocrx_word' id='word_1_103' title='bbox 269 1774 359 1813; x_wconf 77' lang='lat' dir='ltr'>Quod</span> <span class='ocrx_word' id='word_1_104' title='bbox 384 1775 427 1806; x_wconf 86' lang='lat' dir='ltr'>sit</span> <span class='ocrx_word' id='word_1_105' title='bbox 449 1776 533 1809; x_wconf 89' lang='lat' dir='ltr'>filius</span> <span class='ocrx_word' id='word_1_106' title='bbox 560 1778 705 1820; x_wconf 84' lang='lat' dir='ltr'>dilectuS,</span> 
     </span>
    </p>

    <p class='ocr_par' dir='ltr' id='par_1_21' title="bbox 268 1820 783 1914">
     <span class='ocr_line' id='line_1_33' title="bbox 268 1820 783 1865; baseline 0.014 -12"><span class='ocrx_word' id='word_1_107' title='bbox 268 1820 389 1854; x_wconf 89' lang='lat' dir='ltr'>Doctor</span> <span class='ocrx_word' id='word_1_108' title='bbox 413 1832 517 1865; x_wconf 85' lang='lat' dir='ltr'>verus,</span> <span class='ocrx_word' id='word_1_109' title='bbox 545 1825 655 1859; x_wconf 91' lang='lat' dir='ltr'>doctor</span> <span class='ocrx_word' id='word_1_110' title='bbox 678 1830 783 1860; x_wconf 86' lang='lat' dir='ltr'>rectus</span> 
     </span>
     <span class='ocr_line' id='line_1_34' title="bbox 318 1869 688 1914; baseline 0.011 -12"><span class='ocrx_word' id='word_1_111' title='bbox 318 1869 448 1910; x_wconf 87' lang='lat' dir='ltr'>Sibique</span> <span class='ocrx_word' id='word_1_112' title='bbox 472 1872 688 1914; x_wconf 88' lang='lat' dir='ltr'>complacitus.</span> 
     </span>
    </p>
   </div>
   <div class='ocr_carea' id='block_1_14' title="bbox 894 307 1427 348">
    <p class='ocr_par' dir='ltr' id='par_1_22' title="bbox 894 307 1427 348">
     <span class='ocr_line' id='line_1_35' title="bbox 894 307 1427 348; baseline -0.009 -4"><span class='ocrx_word' id='word_1_113' title='bbox 894 312 926 344; x_wconf 92' lang='lat'>6.</span> <span class='ocrx_word' id='word_1_114' title='bbox 952 309 1043 341; x_wconf 85' lang='lat' dir='ltr'>Inter</span> <span class='ocrx_word' id='word_1_115' title='bbox 1065 308 1169 347; x_wconf 86' lang='lat' dir='ltr'>legem</span> <span class='ocrx_word' id='word_1_116' title='bbox 1195 311 1228 339; x_wconf 92' lang='lat' dir='ltr'>et</span> <span class='ocrx_word' id='word_1_117' title='bbox 1251 307 1427 348; x_wconf 86' lang='lat' dir='ltr'>prophetas</span> 
     </span>
    </p>
   </div>
   <div class='ocr_carea' id='block_1_15' title="bbox 950 356 1484 586">
    <p class='ocr_par' dir='ltr' id='par_1_23' title="bbox 952 356 1484 444">
     <span class='ocr_line' id='line_1_36' title="bbox 952 356 1484 396; baseline -0.006 -7"><span class='ocrx_word' id='word_1_118' title='bbox 952 356 1122 396; x_wconf 87' lang='lat' dir='ltr'>Complens</span> <span class='ocrx_word' id='word_1_119' title='bbox 1150 358 1359 395; x_wconf 86' lang='lat' dir='ltr'>utrorumque</span> <span class='ocrx_word' id='word_1_120' title='bbox 1382 357 1484 386; x_wconf 87' lang='lat' dir='ltr'>metas</span> 
     </span>
     <span class='ocr_line' id='line_1_37' title="bbox 999 402 1361 444; baseline -0.006 -8"><span class='ocrx_word' id='word_1_121' title='bbox 999 403 1148 436; x_wconf 84' lang='lat' dir='ltr'>Salvator</span> <span class='ocrx_word' id='word_1_122' title='bbox 1171 402 1361 444; x_wconf 87' lang='lat' dir='ltr'>apparebat,</span> 
     </span>
    </p>

    <p class='ocr_par' dir='ltr' id='par_1_24' title="bbox 950 449 1421 489">
     <span class='ocr_line' id='line_1_38' title="bbox 950 449 1421 489; baseline -0.002 -6"><span class='ocrx_word' id='word_1_123' title='bbox 950 451 1079 483; x_wconf 81' lang='lat' dir='ltr'>Testem</span> <span class='ocrx_word' id='word_1_124' title='bbox 1103 449 1225 483; x_wconf 89' lang='lat' dir='ltr'>habens</span> <span class='ocrx_word' id='word_1_125' title='bbox 1250 449 1421 489; x_wconf 88' lang='lat' dir='ltr'>utrobique</span> 
     </span>
    </p>

    <p class='ocr_par' dir='ltr' id='par_1_25' title="bbox 951 497 1439 586">
     <span class='ocr_line' id='line_1_39' title="bbox 951 497 1439 538; baseline 0 -8"><span class='ocrx_word' id='word_1_126' title='bbox 951 498 1035 530; x_wconf 87' lang='lat' dir='ltr'>Suae</span> <span class='ocrx_word' id='word_1_127' title='bbox 1059 499 1183 536; x_wconf 90' lang='lat' dir='ltr'>mortis,</span> <span class='ocrx_word' id='word_1_128' title='bbox 1210 507 1304 538; x_wconf 90' lang='lat' dir='ltr'>quam</span> <span class='ocrx_word' id='word_1_129' title='bbox 1329 497 1439 538; x_wconf 87' lang='lat' dir='ltr'>inique</span> 
     </span>
     <span class='ocr_line' id='line_1_40' title="bbox 998 544 1319 586; baseline -0.003 -7"><span class='ocrx_word' id='word_1_130' title='bbox 998 546 1120 579; x_wconf 87' lang='lat' dir='ltr'>Iudaea</span> <span class='ocrx_word' id='word_1_131' title='bbox 1142 544 1319 586; x_wconf 87' lang='lat' dir='ltr'>infligebat.</span> 
     </span>
    </p>
   </div>
   <div class='ocr_carea' id='block_1_16' title="bbox 918 641 1392 682">
    <p class='ocr_par' dir='ltr' id='par_1_26' title="bbox 918 641 1392 682">
     <span class='ocr_line' id='line_1_41' title="bbox 918 641 1392 682; baseline -0.004 -9"><span class='ocrx_word' id='word_1_132' title='bbox 918 668 924 674; x_wconf 92' lang='lat'>.</span> <span class='ocrx_word' id='word_1_133' title='bbox 950 641 975 673; x_wconf 95' lang='lat' dir='ltr'>O</span> <span class='ocrx_word' id='word_1_134' title='bbox 1001 644 1126 674; x_wconf 90' lang='lat' dir='ltr'>amator</span> <span class='ocrx_word' id='word_1_135' title='bbox 1149 642 1392 682; x_wconf 79' lang='lat' dir='ltr'>plasmatorum,</span> 
     </span>
    </p>
   </div>
   <div class='ocr_carea' id='block_1_17' title="bbox 949 688 1487 919">
    <p class='ocr_par' dir='ltr' id='par_1_27' title="bbox 952 688 1399 777">
     <span class='ocr_line' id='line_1_42' title="bbox 952 688 1393 730; baseline -0.002 -10"><span class='ocrx_word' id='word_1_136' title='bbox 952 688 1139 721; x_wconf 88' lang='lat' dir='ltr'>Consolator</span> <span class='ocrx_word' id='word_1_137' title='bbox 1168 689 1393 730; x_wconf 85' lang='lat' dir='ltr'>orphanorum,</span> 
     </span>
     <span class='ocr_line' id='line_1_43' title="bbox 997 737 1399 777; baseline -0.002 -9"><span class='ocrx_word' id='word_1_138' title='bbox 997 737 1068 768; x_wconf 86' lang='lat' dir='ltr'>Rex</span> <span class='ocrx_word' id='word_1_139' title='bbox 1093 739 1243 769; x_wconf 81' lang='lat' dir='ltr'>aeternae</span> <span class='ocrx_word' id='word_1_140' title='bbox 1267 737 1399 777; x_wconf 87' lang='lat' dir='ltr'>gloriae,</span> 
     </span>
    </p>

    <p class='ocr_par' dir='ltr' id='par_1_28' title="bbox 950 783 1487 826">
     <span class='ocr_line' id='line_1_44' title="bbox 950 783 1487 826; baseline -0.002 -10"><span class='ocrx_word' id='word_1_141' title='bbox 950 783 1034 821; x_wconf 80' lang='lat' dir='ltr'>Quos</span> <span class='ocrx_word' id='word_1_142' title='bbox 1059 784 1101 815; x_wconf 87' lang='lat' dir='ltr'>ad</span> <span class='ocrx_word' id='word_1_143' title='bbox 1126 786 1246 816; x_wconf 88' lang='lat' dir='ltr'>sortem</span> <span class='ocrx_word' id='word_1_144' title='bbox 1270 783 1362 822; x_wconf 86' lang='lat' dir='ltr'>regni</span> <span class='ocrx_word' id='word_1_145' title='bbox 1387 784 1487 826; x_wconf 86' lang='lat' dir='ltr'>ducis,</span> 
     </span>
    </p>

    <p class='ocr_par' dir='ltr' id='par_1_29' title="bbox 949 830 1430 919">
     <span class='ocr_line' id='line_1_45' title="bbox 949 830 1392 871; baseline 0 -9"><span class='ocrx_word' id='word_1_146' title='bbox 949 830 1010 863; x_wconf 90' lang='lat' dir='ltr'>His</span> <span class='ocrx_word' id='word_1_147' title='bbox 1036 830 1192 871; x_wconf 84' lang='lat' dir='ltr'>fulgorem</span> <span class='ocrx_word' id='word_1_148' title='bbox 1213 834 1288 864; x_wconf 87' lang='lat' dir='ltr'>tuae</span> <span class='ocrx_word' id='word_1_149' title='bbox 1311 830 1392 863; x_wconf 88' lang='lat' dir='ltr'>lucis</span> 
     </span>
     <span class='ocr_line' id='line_1_46' title="bbox 994 879 1430 919; baseline 0.005 -9"><span class='ocrx_word' id='word_1_150' title='bbox 994 879 1146 919; x_wconf 84' lang='lat' dir='ltr'>Dignaris</span> <span class='ocrx_word' id='word_1_151' title='bbox 1169 879 1430 919; x_wconf 85' lang='lat' dir='ltr'>praeostendere.</span> 
     </span>
    </p>
   </div>
   <div class='ocr_carea' id='block_1_18' title="bbox 917 973 1324 1007">
    <p class='ocr_par' dir='ltr' id='par_1_30' title="bbox 917 973 1324 1007">
     <span class='ocr_line' id='line_1_47' title="bbox 917 973 1324 1007; baseline 0 0"><span class='ocrx_word' id='word_1_152' title='bbox 917 998 925 1006; x_wconf 90' lang='lat'>.</span> <span class='ocrx_word' id='word_1_153' title='bbox 950 973 998 1007; x_wconf 89' lang='lat' dir='ltr'>Ut</span> <span class='ocrx_word' id='word_1_154' title='bbox 1021 974 1201 1006; x_wconf 89' lang='lat' dir='ltr'>illuminato</span> <span class='ocrx_word' id='word_1_155' title='bbox 1227 975 1324 1007; x_wconf 88' lang='lat' dir='ltr'>corde</span> 
     </span>
    </p>
   </div>
   <div class='ocr_carea' id='block_1_19' title="bbox 947 1021 1483 1245">
    <p class='ocr_par' dir='ltr' id='par_1_31' title="bbox 947 1021 1483 1205">
     <span class='ocr_line' id='line_1_48' title="bbox 947 1021 1394 1054; baseline 0.002 -1"><span class='ocrx_word' id='word_1_156' title='bbox 947 1021 993 1053; x_wconf 87' lang='lat' dir='ltr'>Et</span> <span class='ocrx_word' id='word_1_157' title='bbox 1018 1022 1145 1054; x_wconf 88' lang='lat' dir='ltr'>detersa</span> <span class='ocrx_word' id='word_1_158' title='bbox 1165 1023 1276 1054; x_wconf 90' lang='lat' dir='ltr'>mundi</span> <span class='ocrx_word' id='word_1_159' title='bbox 1297 1022 1394 1054; x_wconf 89' lang='lat' dir='ltr'>sorde</span> 
     </span>
     <span class='ocr_line' id='line_1_49' title="bbox 995 1069 1431 1111; baseline 0.005 -11"><span class='ocrx_word' id='word_1_160' title='bbox 995 1069 1119 1101; x_wconf 88' lang='lat' dir='ltr'>Lumen</span> <span class='ocrx_word' id='word_1_161' title='bbox 1145 1073 1277 1102; x_wconf 85' lang='lat' dir='ltr'>cernant</span> <span class='ocrx_word' id='word_1_162' title='bbox 1300 1069 1431 1111; x_wconf 88' lang='lat' dir='ltr'>lumine,</span> 
     </span>
     <span class='ocr_line' id='line_1_50' title="bbox 948 1116 1483 1159; baseline 0.002 -11"><span class='ocrx_word' id='word_1_163' title='bbox 948 1117 1002 1149; x_wconf 91' lang='lat' dir='ltr'>Ad</span> <span class='ocrx_word' id='word_1_164' title='bbox 1026 1119 1060 1148; x_wconf 88' lang='lat' dir='ltr'>te</span> <span class='ocrx_word' id='word_1_165' title='bbox 1084 1117 1219 1149; x_wconf 87' lang='lat' dir='ltr'>tendant</span> <span class='ocrx_word' id='word_1_166' title='bbox 1241 1116 1362 1150; x_wconf 87' lang='lat' dir='ltr'>fontem</span> <span class='ocrx_word' id='word_1_167' title='bbox 1388 1118 1483 1159; x_wconf 82' lang='lat' dir='ltr'>vitae,</span> 
     </span>
     <span class='ocr_line' id='line_1_51' title="bbox 949 1164 1346 1205; baseline 0.003 -10"><span class='ocrx_word' id='word_1_168' title='bbox 949 1164 1131 1204; x_wconf 81' lang='lat' dir='ltr'>Voluptatis</span> <span class='ocrx_word' id='word_1_169' title='bbox 1158 1166 1346 1205; x_wconf 88' lang='lat' dir='ltr'>concupitae</span> 
     </span>
    </p>

    <p class='ocr_par' dir='ltr' id='par_1_32' title="bbox 996 1210 1357 1245">
     <span class='ocr_line' id='line_1_52' title="bbox 996 1210 1357 1245; baseline 0.003 -1"><span class='ocrx_word' id='word_1_170' title='bbox 996 1212 1194 1244; x_wconf 86' lang='lat' dir='ltr'>Debrientur</span> <span class='ocrx_word' id='word_1_171' title='bbox 1216 1210 1357 1245; x_wconf 88' lang='lat' dir='ltr'>flumine.</span> 
     </span>
    </p>
   </div>
   <div class='ocr_carea' id='block_1_20' title="bbox 914 1307 1433 1347">
    <p class='ocr_par' dir='ltr' id='par_1_33' title="bbox 914 1307 1433 1347">
     <span class='ocr_line' id='line_1_53' title="bbox 914 1307 1433 1347; baseline 0.002 -8"><span class='ocrx_word' id='word_1_172' title='bbox 914 1332 921 1339; x_wconf 97' lang='lat'>.</span> <span class='ocrx_word' id='word_1_173' title='bbox 949 1307 1049 1346; x_wconf 79' lang='lat' dir='ltr'>Quam</span> <span class='ocrx_word' id='word_1_174' title='bbox 1074 1307 1116 1338; x_wconf 91' lang='lat' dir='ltr'>sit</span> <span class='ocrx_word' id='word_1_175' title='bbox 1139 1307 1257 1340; x_wconf 86' lang='lat' dir='ltr'>bonum</span> <span class='ocrx_word' id='word_1_176' title='bbox 1282 1307 1329 1340; x_wconf 91' lang='lat' dir='ltr'>ibi</span> <span class='ocrx_word' id='word_1_177' title='bbox 1354 1316 1433 1347; x_wconf 87' lang='lat' dir='ltr'>esse,</span> 
     </span>
    </p>
   </div>
   <div class='ocr_carea' id='block_1_21' title="bbox 949 1354 1509 1587">
    <p class='ocr_par' dir='ltr' id='par_1_34' title="bbox 949 1354 1509 1587">
     <span class='ocr_line' id='line_1_54' title="bbox 950 1354 1403 1396; baseline 0.004 -10"><span class='ocrx_word' id='word_1_178' title='bbox 950 1354 1127 1387; x_wconf 87' lang='lat' dir='ltr'>Contestati</span> <span class='ocrx_word' id='word_1_179' title='bbox 1151 1358 1226 1386; x_wconf 90' lang='lat' dir='ltr'>sunt</span> <span class='ocrx_word' id='word_1_180' title='bbox 1251 1364 1403 1396; x_wconf 85' lang='lat' dir='ltr'>expresse</span> 
     </span>
     <span class='ocr_line' id='line_1_55' title="bbox 995 1402 1273 1444; baseline -0.004 -9"><span class='ocrx_word' id='word_1_181' title='bbox 995 1402 1067 1435; x_wconf 84' lang='lat' dir='ltr'>Viri</span> <span class='ocrx_word' id='word_1_182' title='bbox 1087 1403 1273 1444; x_wconf 80' lang='lat' dir='ltr'>evangelici,</span> 
     </span>
     <span class='ocr_line' id='line_1_56' title="bbox 949 1449 1428 1492; baseline 0.006 -11"><span class='ocrx_word' id='word_1_183' title='bbox 949 1449 1009 1488; x_wconf 83' lang='lat' dir='ltr'>Qui</span> <span class='ocrx_word' id='word_1_184' title='bbox 1033 1453 1218 1489; x_wconf 87' lang='lat' dir='ltr'>praesentes</span> <span class='ocrx_word' id='word_1_185' title='bbox 1244 1450 1428 1492; x_wconf 83' lang='lat' dir='ltr'>adfuerunt,</span> 
     </span>
     <span class='ocr_line' id='line_1_57' title="bbox 949 1497 1509 1539; baseline 0.004 -10"><span class='ocrx_word' id='word_1_186' title='bbox 949 1497 1049 1537; x_wconf 79' lang='lat' dir='ltr'>Quam</span> <span class='ocrx_word' id='word_1_187' title='bbox 1070 1497 1113 1529; x_wconf 89' lang='lat' dir='ltr'>sit</span> <span class='ocrx_word' id='word_1_188' title='bbox 1137 1498 1239 1530; x_wconf 85' lang='lat' dir='ltr'>duleis</span> <span class='ocrx_word' id='word_1_189' title='bbox 1260 1502 1509 1539; x_wconf 88' lang='lat' dir='ltr'>praesenserunt</span> 
     </span>
     <span class='ocr_line' id='line_1_58' title="bbox 993 1545 1358 1587; baseline 0.005 -10"><span class='ocrx_word' id='word_1_190' title='bbox 993 1545 1097 1585; x_wconf 82' lang='lat' dir='ltr'>Sapor</span> <span class='ocrx_word' id='word_1_191' title='bbox 1120 1546 1212 1587; x_wconf 86' lang='lat' dir='ltr'>regni</span> <span class='ocrx_word' id='word_1_192' title='bbox 1237 1547 1358 1580; x_wconf 86' lang='lat' dir='ltr'>caelici.</span> 
     </span>
    </p>
   </div>
   <div class='ocr_carea' id='block_1_22' title="bbox 929 1639 1434 1686">
    <p class='ocr_par' dir='ltr' id='par_1_35' title="bbox 929 1639 1434 1686">
     <span class='ocr_line' id='line_1_59' title="bbox 929 1639 1434 1686; baseline 0.006 -14"><span class='ocrx_word' id='word_1_193' title='bbox 929 1640 976 1672; x_wconf 85' lang='grc' dir='ltr'>,Ο</span> <span class='ocrx_word' id='word_1_194' title='bbox 1002 1641 1046 1672; x_wconf 90' lang='lat' dir='ltr'>mi</span> <span class='ocrx_word' id='word_1_195' title='bbox 1069 1639 1168 1681; x_wconf 88' lang='lat' dir='ltr'>Deus,</span> <span class='ocrx_word' id='word_1_196' title='bbox 1194 1650 1253 1673; x_wconf 91' lang='lat' dir='ltr'>nos</span> <span class='ocrx_word' id='word_1_197' title='bbox 1276 1640 1434 1686; x_wconf 85' lang='lat' dir='ltr'>conforta,</span> 
     </span>
    </p>
   </div>
   <div class='ocr_carea' id='block_1_23' title="bbox 948 1686 1476 1921">
    <p class='ocr_par' dir='ltr' id='par_1_36' title="bbox 948 1686 1476 1921">
     <span class='ocr_line' id='line_1_60' title="bbox 950 1686 1454 1733; baseline 0.008 -14"><span class='ocrx_word' id='word_1_198' title='bbox 950 1686 1017 1720; x_wconf 78' lang='lat' dir='ltr'>Nos</span> <span class='ocrx_word' id='word_1_199' title='bbox 1043 1687 1185 1721; x_wconf 88' lang='lat' dir='ltr'>infirmos</span> <span class='ocrx_word' id='word_1_200' title='bbox 1211 1688 1264 1721; x_wconf 91' lang='lat' dir='ltr'>hic</span> <span class='ocrx_word' id='word_1_201' title='bbox 1287 1693 1454 1733; x_wconf 88' lang='lat' dir='ltr'>supporta,</span> 
     </span>
     <span class='ocr_line' id='line_1_61' title="bbox 996 1735 1319 1778; baseline 0.009 -11"><span class='ocrx_word' id='word_1_202' title='bbox 996 1735 1098 1767; x_wconf 83' lang='lat' dir='ltr'>Nobis</span> <span class='ocrx_word' id='word_1_203' title='bbox 1121 1737 1319 1778; x_wconf 86' lang='lat' dir='ltr'>illucescere,</span> 
     </span>
     <span class='ocr_line' id='line_1_62' title="bbox 948 1782 1332 1824; baseline 0.008 -10"><span class='ocrx_word' id='word_1_204' title='bbox 948 1782 1091 1815; x_wconf 86' lang='lat' dir='ltr'>Benedic</span> <span class='ocrx_word' id='word_1_205' title='bbox 1116 1787 1148 1815; x_wconf 90' lang='lat' dir='ltr'>et</span> <span class='ocrx_word' id='word_1_206' title='bbox 1167 1785 1332 1824; x_wconf 89' lang='lat' dir='ltr'>miserere,</span> 
     </span>
     <span class='ocr_line' id='line_1_63' title="bbox 948 1830 1377 1869; baseline 0.007 -6"><span class='ocrx_word' id='word_1_207' title='bbox 948 1830 1009 1869; x_wconf 76' lang='lat' dir='ltr'>Qui</span> <span class='ocrx_word' id='word_1_208' title='bbox 1035 1831 1146 1863; x_wconf 78' lang='lat' dir='ltr'>dixisti</span> <span class='ocrx_word' id='word_1_209' title='bbox 1170 1832 1277 1865; x_wconf 90' lang='lat' dir='ltr'>lumen</span> <span class='ocrx_word' id='word_1_210' title='bbox 1301 1841 1377 1866; x_wconf 88' lang='lat' dir='ltr'>vere</span> 
     </span>
     <span class='ocr_line' id='line_1_64' title="bbox 995 1878 1476 1921; baseline 0.012 -12"><span class='ocrx_word' id='word_1_211' title='bbox 995 1878 1047 1910; x_wconf 90' lang='lat' dir='ltr'>De</span> <span class='ocrx_word' id='word_1_212' title='bbox 1069 1879 1212 1912; x_wconf 88' lang='lat' dir='ltr'>tenebris</span> <span class='ocrx_word' id='word_1_213' title='bbox 1237 1881 1476 1921; x_wconf 87' lang='lat' dir='ltr'>splendescere.</span> 
     </span>
    </p>
   </div>
   <div class='ocr_carea' id='block_1_24' title="bbox 539 1967 1136 2247">
    <p class='ocr_par' dir='ltr' id='par_1_37' title="bbox 539 1967 1136 2247">
     <span class='ocr_line' id='line_1_65' title="bbox 539 1967 1074 2013; baseline 0.011 -13"><span class='ocrx_word' id='word_1_214' title='bbox 539 1967 594 2001; x_wconf 84' lang='lat'>11.</span> <span class='ocrx_word' id='word_1_215' title='bbox 611 1968 843 2009; x_wconf 85' lang='lat' dir='ltr'>Cognoscamus</span> <span class='ocrx_word' id='word_1_216' title='bbox 867 1972 953 2003; x_wconf 85' lang='lat' dir='ltr'>viam</span> <span class='ocrx_word' id='word_1_217' title='bbox 977 1975 1074 2013; x_wconf 81' lang='lat' dir='ltr'>tuam,</span> 
     </span>
     <span class='ocr_line' id='line_1_66' title="bbox 608 2016 1071 2062; baseline 0.009 -15"><span class='ocrx_word' id='word_1_218' title='bbox 608 2016 694 2056; x_wconf 87' lang='lat' dir='ltr'>Agat</span> <span class='ocrx_word' id='word_1_219' title='bbox 717 2017 786 2057; x_wconf 84' lang='lat' dir='ltr'>quis</span> <span class='ocrx_word' id='word_1_220' title='bbox 812 2019 946 2050; x_wconf 89' lang='lat' dir='ltr'>salutem</span> <span class='ocrx_word' id='word_1_221' title='bbox 972 2030 1071 2062; x_wconf 88' lang='lat' dir='ltr'>suam,</span> 
     </span>
     <span class='ocr_line' id='line_1_67' title="bbox 654 2063 1136 2109; baseline 0.015 -15"><span class='ocrx_word' id='word_1_222' title='bbox 654 2063 738 2096; x_wconf 82' lang='lat' dir='ltr'>Dum</span> <span class='ocrx_word' id='word_1_223' title='bbox 764 2067 889 2104; x_wconf 84' lang='lat' dir='ltr'>tempus</span> <span class='ocrx_word' id='word_1_224' title='bbox 905 2067 959 2098; x_wconf 86' lang='lat' dir='ltr'>hic</span> <span class='ocrx_word' id='word_1_225' title='bbox 974 2067 1136 2109; x_wconf 88' lang='lat' dir='ltr'>habemus,</span> 
     </span>
     <span class='ocr_line' id='line_1_68' title="bbox 607 2110 1070 2154; baseline 0.009 -11"><span class='ocrx_word' id='word_1_226' title='bbox 607 2110 655 2143; x_wconf 90' lang='lat' dir='ltr'>Ut</span> <span class='ocrx_word' id='word_1_227' title='bbox 679 2119 749 2143; x_wconf 89' lang='lat' dir='ltr'>cum</span> <span class='ocrx_word' id='word_1_228' title='bbox 774 2114 943 2152; x_wconf 90' lang='lat' dir='ltr'>apparebis</span> <span class='ocrx_word' id='word_1_229' title='bbox 968 2115 1070 2154; x_wconf 87' lang='lat' dir='ltr'>iustis,</span> 
     </span>
     <span class='ocr_line' id='line_1_69' title="bbox 609 2158 1036 2202; baseline 0.014 -13"><span class='ocrx_word' id='word_1_230' title='bbox 609 2158 781 2191; x_wconf 86' lang='lat' dir='ltr'>Videamus</span> <span class='ocrx_word' id='word_1_231' title='bbox 805 2162 839 2191; x_wconf 86' lang='lat' dir='ltr'>te</span> <span class='ocrx_word' id='word_1_232' title='bbox 864 2170 934 2193; x_wconf 88' lang='lat' dir='ltr'>cum</span> <span class='ocrx_word' id='word_1_233' title='bbox 955 2162 1036 2202; x_wconf 84' lang='lat' dir='ltr'>ist-is,</span> 
     </span>
     <span class='ocr_line' id='line_1_70' title="bbox 655 2205 1047 2247; baseline 0.018 -11"><span class='ocrx_word' id='word_1_234' title='bbox 655 2205 708 2238; x_wconf 87' lang='lat' dir='ltr'>Ad</span> <span class='ocrx_word' id='word_1_235' title='bbox 734 2207 859 2247; x_wconf 83' lang='lat' dir='ltr'>nuptias</span> <span class='ocrx_word' id='word_1_236' title='bbox 883 2209 1047 2244; x_wconf 84' lang='lat' dir='ltr'>intremus.</span> 
     </span>
    </p>
   </div>
   <div class='ocr_carea' id='block_1_25' title="bbox 278 2278 1255 2318">
    <p class='ocr_par' dir='ltr' id='par_1_38' title="bbox 278 2278 1255 2318">
     <span class='ocr_line' id='line_1_71' title="bbox 278 2278 1255 2318; baseline 0.012 -12"><span class='ocrx_word' id='word_1_237' title='bbox 278 2278 357 2306; x_wconf 75' lang='lat' dir='ltr'>Orat.</span> <span class='ocrx_word' id='word_1_238' title='bbox 378 2287 430 2306; x_wconf 87' lang='lat' dir='ltr'>ms.</span> <span class='ocrx_word' id='word_1_239' title='bbox 451 2279 637 2308; x_wconf 84' lang='lat' dir='ltr'>Lelminense</span> <span class='ocrx_word' id='word_1_240' title='bbox 658 2283 727 2308; x_wconf 84' lang='lat' dir='ltr'>anni</span> <span class='ocrx_word' id='word_1_241' title='bbox 748 2279 830 2310; x_wconf 80' lang='lat'>1518.</span> <span class='ocrx_word' id='word_1_242' title='bbox 871 2284 943 2312; x_wconf 84' lang='lat' dir='ltr'>Cod.</span> <span class='ocrx_word' id='word_1_243' title='bbox 964 2285 1131 2316; x_wconf 71' lang='lat' dir='ltr'>Bel-olinen.</span> <span class='ocrx_word' id='word_1_244' title='bbox 1151 2288 1189 2317; x_wconf 85' lang='lat'>40</span> <span class='ocrx_word' id='word_1_245' title='bbox 1208 2288 1255 2318; x_wconf 80' lang='lat'>29.</span> 
     </span>
    </p>
   </div>
  </div>
 </body>
</html>
