1651 2606
659 73 895 111 -60—

575 171 616 203 51.
650 170 692 201 Dc
715 169 863 201 Passicne
882 165 1013 199 Domini.

427 244 457 276 1.
485 242 588 282 Salve,
615 242 698 279 Iesu,
725 242 817 272 natus
844 239 884 270 de
908 237 1042 278 virgine,

487 289 614 322 Candor
637 288 718 319 lucis
744 289 776 317 et
800 286 848 318 sol
873 285 1023 325 iustitiae,

486 338 595 376 Imago
619 335 720 375 patris
746 335 778 365 et
802 332 874 365 fons
899 332 1032 373 gratiae,

484 384 638 423 Princeps
659 382 748 421 pacis
774 384 869 421 atque
893 389 951 413 rex
974 380 1105 420 gloriae,

530 431 634 463 Verus
659 428 756 461 Deus:

425 516 459 549 2.
485 516 510 548 O
536 522 626 554 quam
655 512 781 546 fervens
807 516 862 545 tua
884 513 1023 553 dilectio,

484 563 583 602 Quam
610 561 723 602 dulcis,
750 570 843 600 quam
868 561 922 600 pia
948 560 1103 601 dignatio,

483 609 574 648 Quod
600 617 659 648 pro
683 617 735 640 me
759 610 824 640 tam
850 608 906 640 vili
930 607 1113 646 vermiculo,

482 657 529 688 Te
553 659 642 688 tanto
664 655 795 696 exponis
821 656 988 696 suppiicio,

530 703 631 735 Amor
655 711 755 735 meus.

426 790 456 822 3.
482 789 578 832 Ecce,
610 797 700 829 quam
730 788 922 828 stupendum
946 788 1174 831 spectaculum,

484 838 585 869 Verus
611 835 708 878 Deus,
737 835 890 867 virtutum
915 836 1089 879 speculum,

483 883 686 924 Flagenatur
711 891 770 923 per
793 892 884 915 suum
911 883 1073 926 populum,

484 931 547 964 Pro
574 939 634 970 quo
658 930 824 962 descendit
845 930 879 962 in
901 931 962 963 hoc
986 931 1157 971 saeculum,

543 978 595 1010 Ne
618 978 750 1018 periret.

426 1065 460 1097 4.
486 1063 700 1103 Obstupescat
723 1071 811 1095 mens
836 1064 930 1102 atque
954 1063 1036 1095 ratio

486 1112 556 1143 Nec
579 1120 643 1143 non
667 1110 762 1142 simul
787 1119 927 1150 superna
948 1111 1064 1153 contio,

485 1159 574 1197 Quod
600 1158 685 1197 talis,
712 1160 802 1190 tanta
828 1157 1001 1190 dominatio

486 1205 588 1237 Facta
612 1207 662 1237 cst,
683 1203 880 1246 perfidorum
904 1205 1053 1248 abiectio,

534 1253 578 1286 Ut
602 1252 753 1286 salvaret.

430 1341 462 1371 5.
489 1340 513 1372 O
540 1347 630 1378 quam
657 1338 770 1378 plenus
795 1338 1017 1378 amaritudine,

487 1386 647 1418 Exaratus
672 1385 770 1426 virgis
795 1386 965 1429 dirissime,

486 1432 681 1465 Rubricatus
706 1432 847 1472 undique
868 1434 1032 1476 sanguine,

489 1481 551 1512 Per
577 1489 668 1520 quem
693 1480 792 1523 laver,
817 1489 944 1521 quaeso,
969 1490 989 1512 a
1014 1481 1157 1521 crimine,

537 1527 606 1568 Ego
624 1536 706 1559 reus.

437 1615 468 1648 6.
495 1613 645 1654 Speciose
667 1622 746 1653 prae
770 1612 846 1645 filiis
871 1613 1041 1654 hominum,

491 1661 649 1693 Converte
673 1661 715 1693 ad
739 1669 791 1693 me
814 1661 935 1694 vultum
962 1671 1096 1702 roseum,

492 1707 665 1740 Debrietur
690 1717 745 1741 cor
769 1707 858 1741 fonte
882 1710 1059 1752 vulnerum,

491 1756 536 1788 Ut
558 1756 631 1795 plus
655 1764 758 1788 amem
782 1758 815 1788 te
837 1765 942 1789 meum
969 1757 1150 1797 Dominum,

539 1803 631 1842 Quod
657 1811 690 1835 es
714 1804 811 1838 Deus.

436 1889 466 1922 ’7.
494 1888 576 1928 Quid
601 1888 715 1930 fecisti,
743 1891 859 1930 regalis
883 1890 1029 1933 Domine,

495 1936 553 1975 Qui
580 1945 705 1976 semper
730 1937 838 1970 vixisti
863 1939 1043 1978 purissime,

495 1983 570 2015 Sine
593 1984 667 2016 labe
690 1987 721 2016 et
743 1984 812 2016 sine
833 1985 976 2026 crimine,

491 2030 535 2062 Et
560 2033 665 2064 tamen
690 2032 832 2064 caederis
858 2032 898 2065 ab
924 2034 1052 2066 homine

541 2078 716 2119 Tamquam
739 2079 837 2111 reus?

435 2155 466 2187 8.
494 2155 519 2187 Ο
545 2155 615 2194 quis
640 2153 702 2186 fuit
725 2159 790 2188 tam
815 2159 1013 2200 temerarius,

497 2202 577 2234 Tam
601 2211 770 2242 perversus
796 2206 925 2245 tamque
949 2205 1103 2250 nefarius,

497 2250 585 2290 Quod
611 2253 653 2292 te,
683 2251 784 2291 Iesus,
811 2262 871 2292 quo
896 2254 977 2286 nihil
1002 2256 1116 2296 carine„

498 2298 551 2330 Sic
574 2296 709 2338 flagellis
736 2300 841 2332 caedit
863 2303 928 2333 tam
954 2303 1069 2344 acrius,

545 2346 621 2379 Cum
649 2345 693 2377 sis
716 2346 829 2380 Deus?
