<?xml version="1.0" encoding="UTF-8"?>
<!DOCTYPE html PUBLIC "-//W3C//DTD XHTML 1.0 Transitional//EN"
    "http://www.w3.org/TR/xhtml1/DTD/xhtml1-transitional.dtd">
<html xmlns="http://www.w3.org/1999/xhtml" xml:lang="en" lang="en">
 <head>
  <title>
</title>
<meta http-equiv="Content-Type" content="text/html;charset=utf-8" />
  <meta name='ocr-system' content='tesseract 3.04.00' />
  <meta name='ocr-capabilities' content='ocr_page ocr_carea ocr_par ocr_line ocrx_word'/>
</head>
<body>
  <div class='ocr_page' id='page_1' title='image "./analectahymnica31drevuoft_00090.png"; bbox 0 0 1653 2608; ppageno 0'>
   <div class='ocr_carea' id='block_1_1' title="bbox 696 81 932 119">
    <p class='ocr_par' dir='ltr' id='par_1_1' title="bbox 696 81 932 119">
     <span class='ocr_line' id='line_1_1' title="bbox 696 81 932 119; baseline 0.004 -10"><span class='ocrx_word' id='word_1_1' title='bbox 696 81 932 119; x_wconf 78' lang='lat'>—87—</span> 
     </span>
    </p>
   </div>
   <div class='ocr_carea' id='block_1_2' title="bbox 584 176 1033 211">
    <p class='ocr_par' dir='ltr' id='par_1_2' title="bbox 584 176 1033 211">
     <span class='ocr_line' id='line_1_2' title="bbox 584 176 1033 211; baseline -0.007 0"><span class='ocrx_word' id='word_1_2' title='bbox 584 179 629 211; x_wconf 88' lang='lat'>67.</span> <span class='ocrx_word' id='word_1_3' title='bbox 658 180 705 211; x_wconf 84' lang='lat' dir='ltr'>Ad</span> <span class='ocrx_word' id='word_1_4' title='bbox 724 179 820 211; x_wconf 83' lang='lat' dir='ltr'>Latus</span> <span class='ocrx_word' id='word_1_5' title='bbox 843 176 1033 210; x_wconf 80' lang='lat' dir='ltr'>salvatoris.</span> 
     </span>
    </p>
   </div>
   <div class='ocr_carea' id='block_1_3' title="bbox 168 257 656 632">
    <p class='ocr_par' dir='ltr' id='par_1_3' title="bbox 168 257 656 632">
     <span class='ocr_line' id='line_1_3' title="bbox 168 257 578 298; baseline 0.01 -10"><span class='ocrx_word' id='word_1_6' title='bbox 168 257 196 288; x_wconf 94' lang='lat'>1.</span> <span class='ocrx_word' id='word_1_7' title='bbox 222 257 302 298; x_wconf 84' lang='lat' dir='ltr'>Ave,</span> <span class='ocrx_word' id='word_1_8' title='bbox 328 258 443 290; x_wconf 86' lang='lat' dir='ltr'>vulnus</span> <span class='ocrx_word' id='word_1_9' title='bbox 467 260 578 292; x_wconf 87' lang='lat' dir='ltr'>lateris</span> 
     </span>
     <span class='ocr_line' id='line_1_4' title="bbox 274 305 633 348; baseline 0.008 -12"><span class='ocrx_word' id='word_1_10' title='bbox 274 305 386 337; x_wconf 81' lang='lat' dir='ltr'>Nostri</span> <span class='ocrx_word' id='word_1_11' title='bbox 410 307 633 348; x_wconf 80' lang='lat' dir='ltr'><strong>redemptoris,</strong></span> 
     </span>
     <span class='ocr_line' id='line_1_5' title="bbox 224 352 644 394; baseline 0.002 -9"><span class='ocrx_word' id='word_1_12' title='bbox 224 352 277 386; x_wconf 81' lang='lat' dir='ltr'>Ex</span> <span class='ocrx_word' id='word_1_13' title='bbox 303 363 364 394; x_wconf 88' lang='lat' dir='ltr'>quo</span> <span class='ocrx_word' id='word_1_14' title='bbox 390 352 484 387; x_wconf 80' lang='lat' dir='ltr'>fluxit</span> <span class='ocrx_word' id='word_1_15' title='bbox 507 354 644 387; x_wconf 88' lang='lat' dir='ltr'>fluminis</span> 
     </span>
     <span class='ocr_line' id='line_1_6' title="bbox 272 400 656 446; baseline 0.003 -13"><span class='ocrx_word' id='word_1_16' title='bbox 272 400 358 433; x_wconf 88' lang='lat' dir='ltr'>Fons</span> <span class='ocrx_word' id='word_1_17' title='bbox 384 402 442 433; x_wconf 89' lang='lat' dir='ltr'>sed</span> <span class='ocrx_word' id='word_1_18' title='bbox 468 405 500 434; x_wconf 93' lang='lat' dir='ltr'>et</span> <span class='ocrx_word' id='word_1_19' title='bbox 525 402 656 446; x_wconf 84' lang='lat' dir='ltr'>cruoris,</span> 
     </span>
     <span class='ocr_line' id='line_1_7' title="bbox 226 447 541 482; baseline 0.006 -2"><span class='ocrx_word' id='word_1_20' title='bbox 226 447 393 481; x_wconf 79' lang='lat' dir='ltr'>Medicina</span> <span class='ocrx_word' id='word_1_21' title='bbox 416 450 541 482; x_wconf 84' lang='lat' dir='ltr'>miseris</span> 
     </span>
     <span class='ocr_line' id='line_1_8' title="bbox 274 496 621 537; baseline 0.003 -9"><span class='ocrx_word' id='word_1_22' title='bbox 274 496 355 529; x_wconf 88' lang='lat' dir='ltr'>Esto</span> <span class='ocrx_word' id='word_1_23' title='bbox 381 506 466 529; x_wconf 83' lang='lat' dir='ltr'>nunc</span> <span class='ocrx_word' id='word_1_24' title='bbox 490 497 621 537; x_wconf 84' lang='lat' dir='ltr'>doloriS,</span> 
     </span>
     <span class='ocr_line' id='line_1_9' title="bbox 229 542 638 576; baseline 0.002 -2"><span class='ocrx_word' id='word_1_25' title='bbox 229 542 352 576; x_wconf 83' lang='lat' dir='ltr'>Sanans</span> <span class='ocrx_word' id='word_1_26' title='bbox 378 544 472 576; x_wconf 89' lang='lat' dir='ltr'>simul</span> <span class='ocrx_word' id='word_1_27' title='bbox 498 544 638 576; x_wconf 86' lang='lat' dir='ltr'>criminis</span> 
     </span>
     <span class='ocr_line' id='line_1_10' title="bbox 278 592 604 632; baseline 0 -9"><span class='ocrx_word' id='word_1_28' title='bbox 278 592 393 632; x_wconf 83' lang='lat' dir='ltr'>Plagas</span> <span class='ocrx_word' id='word_1_29' title='bbox 419 594 450 623; x_wconf 88' lang='lat' dir='ltr'>et</span> <span class='ocrx_word' id='word_1_30' title='bbox 476 592 604 624; x_wconf 84' lang='lat' dir='ltr'>erroris.</span> 
     </span>
    </p>
   </div>
   <div class='ocr_carea' id='block_1_4' title="bbox 230 654 1318 685">
    <p class='ocr_par' dir='ltr' id='par_1_4' title="bbox 230 654 1318 685">
     <span class='ocr_line' id='line_1_11' title="bbox 230 654 1318 685; baseline 0 -2"><span class='ocrx_word' id='word_1_31' title='bbox 230 655 310 684; x_wconf 86' lang='lat' dir='ltr'>Orat.</span> <span class='ocrx_word' id='word_1_32' title='bbox 331 665 385 684; x_wconf 91' lang='lat' dir='ltr'>ms.</span> <span class='ocrx_word' id='word_1_33' title='bbox 407 657 507 685; x_wconf 84' lang='lat' dir='ltr'>Caroli</span> <span class='ocrx_word' id='word_1_34' title='bbox 528 657 564 684; x_wconf 89' lang='lat' dir='ltr'>V.</span> <span class='ocrx_word' id='word_1_35' title='bbox 589 665 664 685; x_wconf 83' lang='lat' dir='ltr'>saec.</span> <span class='ocrx_word' id='word_1_36' title='bbox 682 655 726 684; x_wconf 87' lang='lat'>16.</span> <span class='ocrx_word' id='word_1_37' title='bbox 758 654 827 685; x_wconf 81' lang='lat' dir='ltr'>Cod.</span> <span class='ocrx_word' id='word_1_38' title='bbox 848 656 943 684; x_wconf 83' lang='lat' dir='ltr'>Palat.</span> <span class='ocrx_word' id='word_1_39' title='bbox 958 656 1161 684; x_wconf 88' lang='lat' dir='ltr'>Vindobonen.</span> <span class='ocrx_word' id='word_1_40' title='bbox 1187 655 1269 685; x_wconf 78' lang='lat'><strong>1859.</strong></span> <span class='ocrx_word' id='word_1_41' title='bbox 1283 658 1318 684; x_wconf 91' lang='lat' dir='ltr'>A.</span> 
     </span>
    </p>
   </div>
   <div class='ocr_carea' id='block_1_5' title="bbox 859 258 1254 299">
    <p class='ocr_par' dir='ltr' id='par_1_5' title="bbox 859 258 1254 299">
     <span class='ocr_line' id='line_1_12' title="bbox 859 258 1254 299; baseline -0.01 -6"><span class='ocrx_word' id='word_1_42' title='bbox 859 262 891 293; x_wconf 82' lang='lat'>2.</span> <span class='ocrx_word' id='word_1_43' title='bbox 917 259 998 299; x_wconf 89' lang='lat' dir='ltr'>Ave,</span> <span class='ocrx_word' id='word_1_44' title='bbox 1024 259 1121 299; x_wconf 81' lang='lat' dir='ltr'>plaga</span> <span class='ocrx_word' id='word_1_45' title='bbox 1144 258 1254 290; x_wconf 88' lang='lat' dir='ltr'>lateris</span> 
     </span>
    </p>
   </div>
   <div class='ocr_carea' id='block_1_6' title="bbox 913 305 1377 625">
    <p class='ocr_par' dir='ltr' id='par_1_6' title="bbox 913 305 1377 625">
     <span class='ocr_line' id='line_1_13' title="bbox 961 305 1377 349; baseline 0 -12"><span class='ocrx_word' id='word_1_46' title='bbox 961 306 1076 349; x_wconf 76' lang='lat' dir='ltr'>Larga,</span> <span class='ocrx_word' id='word_1_47' title='bbox 1104 315 1198 346; x_wconf 85' lang='lat' dir='ltr'>quam</span> <span class='ocrx_word' id='word_1_48' title='bbox 1222 305 1377 338; x_wconf 80' lang='lat' dir='ltr'>fecunda!</span> 
     </span>
     <span class='ocr_line' id='line_1_14' title="bbox 913 353 1240 386; baseline 0 0"><span class='ocrx_word' id='word_1_49' title='bbox 913 354 1002 386; x_wconf 84' lang='lat' dir='ltr'>Lava</span> <span class='ocrx_word' id='word_1_50' title='bbox 1026 353 1240 386; x_wconf 82' lang='lat' dir='ltr'>multitudinis</span> 
     </span>
     <span class='ocr_line' id='line_1_15' title="bbox 959 401 1307 441; baseline 0 -8"><span class='ocrx_word' id='word_1_51' title='bbox 959 401 1077 434; x_wconf 85' lang='lat' dir='ltr'>Sordes</span> <span class='ocrx_word' id='word_1_52' title='bbox 1103 404 1135 432; x_wconf 89' lang='lat' dir='ltr'>et</span> <span class='ocrx_word' id='word_1_53' title='bbox 1160 402 1307 441; x_wconf 87' lang='lat' dir='ltr'>emunda,</span> 
     </span>
     <span class='ocr_line' id='line_1_16' title="bbox 914 447 1292 481; baseline -0.003 0"><span class='ocrx_word' id='word_1_54' title='bbox 914 448 965 481; x_wconf 85' lang='lat' dir='ltr'>Ne</span> <span class='ocrx_word' id='word_1_55' title='bbox 988 449 1098 481; x_wconf 84' lang='lat' dir='ltr'>laedat</span> <span class='ocrx_word' id='word_1_56' title='bbox 1123 450 1155 480; x_wconf 92' lang='lat' dir='ltr'>in</span> <span class='ocrx_word' id='word_1_57' title='bbox 1180 447 1292 481; x_wconf 86' lang='lat' dir='ltr'>inferis</span> 
     </span>
     <span class='ocr_line' id='line_1_17' title="bbox 961 496 1333 536; baseline -0.003 -8"><span class='ocrx_word' id='word_1_58' title='bbox 961 496 1046 529; x_wconf 82' lang='lat' dir='ltr'>Tuos</span> <span class='ocrx_word' id='word_1_59' title='bbox 1071 505 1156 528; x_wconf 89' lang='lat' dir='ltr'>mors</span> <span class='ocrx_word' id='word_1_60' title='bbox 1182 497 1333 536; x_wconf 86' lang='lat' dir='ltr'>secunda,</span> 
     </span>
     <span class='ocr_line' id='line_1_18' title="bbox 913 542 1293 578; baseline 0.003 -3"><span class='ocrx_word' id='word_1_61' title='bbox 913 542 978 576; x_wconf 85' lang='lat' dir='ltr'>Sed</span> <span class='ocrx_word' id='word_1_62' title='bbox 1005 547 1037 576; x_wconf 86' lang='lat' dir='ltr'>et</span> <span class='ocrx_word' id='word_1_63' title='bbox 1059 545 1132 578; x_wconf 88' lang='lat' dir='ltr'>visu</span> <span class='ocrx_word' id='word_1_64' title='bbox 1156 545 1293 577; x_wconf 89' lang='lat' dir='ltr'>numinis</span> 
     </span>
     <span class='ocr_line' id='line_1_19' title="bbox 960 590 1321 625; baseline 0.008 -3"><span class='ocrx_word' id='word_1_65' title='bbox 960 590 1036 623; x_wconf 87' lang='lat' dir='ltr'>Fiat</span> <span class='ocrx_word' id='word_1_66' title='bbox 1059 600 1148 623; x_wconf 90' lang='lat' dir='ltr'>mens</span> <span class='ocrx_word' id='word_1_67' title='bbox 1172 592 1321 625; x_wconf 82' lang='lat' dir='ltr'>iucunda.</span> 
     </span>
    </p>
   </div>
   <div class='ocr_carea' id='block_1_7' title="bbox 1397 658 1468 686">
    <p class='ocr_par' dir='ltr' id='par_1_7' title="bbox 1397 658 1468 686">
     <span class='ocr_line' id='line_1_20' title="bbox 1397 658 1468 686; baseline -0.042 0"><span class='ocrx_word' id='word_1_68' title='bbox 1397 658 1468 686; x_wconf 84' lang='lat' dir='ltr'>Cod.</span> 
     </span>
    </p>
   </div>
   <div class='ocr_carea' id='block_1_8' title="bbox 150 692 1470 770">
    <p class='ocr_par' dir='ltr' id='par_1_8' title="bbox 150 692 1470 770">
     <span class='ocr_line' id='line_1_21' title="bbox 150 692 1470 731; baseline 0 -9"><span class='ocrx_word' id='word_1_69' title='bbox 150 695 250 722; x_wconf 81' lang='lat' dir='ltr'>Palat.</span> <span class='ocrx_word' id='word_1_70' title='bbox 264 694 472 722; x_wconf 82' lang='lat' dir='ltr'>Vindobonen,</span> <span class='ocrx_word' id='word_1_71' title='bbox 486 693 537 730; x_wconf 83' lang='lat' dir='ltr'>(ol.</span> <span class='ocrx_word' id='word_1_72' title='bbox 549 694 699 731; x_wconf 65' lang='lat' dir='ltr'>Campen)</span> <span class='ocrx_word' id='word_1_73' title='bbox 716 692 781 723; x_wconf 85' lang='lat'>883.</span> <span class='ocrx_word' id='word_1_74' title='bbox 797 703 873 723; x_wconf 79' lang='lat' dir='ltr'>saec,</span> <span class='ocrx_word' id='word_1_75' title='bbox 886 692 950 722; x_wconf 56' lang='lat'>¹⁴12„</span> <span class='ocrx_word' id='word_1_76' title='bbox 964 695 998 722; x_wconf 80' lang='grc' dir='ltr'>Β.</span> <span class='ocrx_word' id='word_1_77' title='bbox 1012 709 1050 714; x_wconf 84' lang='grc'><strong>-</strong></span> <span class='ocrx_word' id='word_1_78' title='bbox 1062 693 1089 729; x_wconf 78' lang='lat'>2,</span> <span class='ocrx_word' id='word_1_79' title='bbox 1106 693 1120 722; x_wconf 88' lang='lat'>1</span> <span class='ocrx_word' id='word_1_80' title='bbox 1135 695 1226 731; x_wconf 84' lang='lat' dir='ltr'>plaga</span> <span class='ocrx_word' id='word_1_81' title='bbox 1238 695 1370 723; x_wconf 79' lang='lat' dir='ltr'>vaneris</span> <span class='ocrx_word' id='word_1_82' title='bbox 1382 695 1416 723; x_wconf 90' lang='grc' dir='ltr'>Β,</span> <span class='ocrx_word' id='word_1_83' title='bbox 1431 711 1470 715; x_wconf 91' lang='lat'>--</span> 
     </span>
     <span class='ocr_line' id='line_1_22' title="bbox 154 733 1469 770; baseline 0.001 -11"><span class='ocrx_word' id='word_1_84' title='bbox 154 733 362 768; x_wconf 80' lang='lat' dir='ltr'>„Innocentius</span> <span class='ocrx_word' id='word_1_85' title='bbox 395 741 474 768; x_wconf 84' lang='lat' dir='ltr'>papa</span> <span class='ocrx_word' id='word_1_86' title='bbox 502 733 580 760; x_wconf 82' lang='lat' dir='ltr'>hane</span> <span class='ocrx_word' id='word_1_87' title='bbox 610 735 772 761; x_wconf 87' lang='lat' dir='ltr'>orationem</span> <span class='ocrx_word' id='word_1_88' title='bbox 803 736 929 769; x_wconf 77' lang='lat' dir='ltr'>quatuor</span> <span class='ocrx_word' id='word_1_89' title='bbox 955 734 1040 761; x_wconf 87' lang='lat' dir='ltr'>annis</span> <span class='ocrx_word' id='word_1_90' title='bbox 1067 733 1173 769; x_wconf 81' lang='lat' dir='ltr'>plenae</span> <span class='ocrx_word' id='word_1_91' title='bbox 1192 733 1394 770; x_wconf 80' lang='lat' dir='ltr'>indulgentiae</span> <span class='ocrx_word' id='word_1_92' title='bbox 1419 734 1469 761; x_wconf 90' lang='lat' dir='ltr'>do-</span> 
     </span>
    </p>
   </div>
   <div class='ocr_carea' id='block_1_9' title="bbox 152 768 864 808">
    <p class='ocr_par' dir='ltr' id='par_1_9' title="bbox 152 768 864 808">
     <span class='ocr_line' id='line_1_23' title="bbox 152 768 864 808; baseline 0.003 -11"><span class='ocrx_word' id='word_1_93' title='bbox 152 768 255 798; x_wconf 85' lang='lat' dir='ltr'>tavit.“</span> <span class='ocrx_word' id='word_1_94' title='bbox 276 772 310 799; x_wconf 89' lang='lat' dir='ltr'>B.</span> <span class='ocrx_word' id='word_1_95' title='bbox 330 786 369 790; x_wconf 88' lang='lat'>—</span> <span class='ocrx_word' id='word_1_96' title='bbox 389 771 457 807; x_wconf 88' lang='lat' dir='ltr'>Vgl.</span> <span class='ocrx_word' id='word_1_97' title='bbox 477 771 669 808; x_wconf 74' lang='lat' dir='ltr'>Anmerkung</span> <span class='ocrx_word' id='word_1_98' title='bbox 688 781 727 799; x_wconf 87' lang='lat' dir='ltr'>zu</span> <span class='ocrx_word' id='word_1_99' title='bbox 745 771 796 799; x_wconf 85' lang='lat' dir='ltr'>Nr.</span> <span class='ocrx_word' id='word_1_100' title='bbox 819 769 864 799; x_wconf 89' lang='grc'>66.</span> 
     </span>
    </p>
   </div>
   <div class='ocr_carea' id='block_1_10' title="bbox 576 891 1057 924">
    <p class='ocr_par' dir='ltr' id='par_1_10' title="bbox 576 891 1057 924">
     <span class='ocr_line' id='line_1_24' title="bbox 576 891 1057 924; baseline -0.004 -1"><span class='ocrx_word' id='word_1_101' title='bbox 576 892 622 923; x_wconf 83' lang='grc'>68.</span> <span class='ocrx_word' id='word_1_102' title='bbox 653 893 697 923; x_wconf 86' lang='lat' dir='ltr'>De</span> <span class='ocrx_word' id='word_1_103' title='bbox 717 892 909 924; x_wconf 76' lang='lat' dir='ltr'>Vulneribus</span> <span class='ocrx_word' id='word_1_104' title='bbox 932 891 1057 923; x_wconf 82' lang='lat' dir='ltr'>Christi.</span> 
     </span>
    </p>
   </div>
   <div class='ocr_carea' id='block_1_11' title="bbox 167 972 686 1250">
    <p class='ocr_par' dir='ltr' id='par_1_11' title="bbox 167 972 686 1250">
     <span class='ocr_line' id='line_1_25' title="bbox 167 972 620 1006; baseline -0.007 0"><span class='ocrx_word' id='word_1_105' title='bbox 167 974 197 1006; x_wconf 92' lang='lat'>1.</span> <span class='ocrx_word' id='word_1_106' title='bbox 227 972 380 1005; x_wconf 85' lang='lat' dir='ltr'>Omnibus</span> <span class='ocrx_word' id='word_1_107' title='bbox 406 972 620 1005; x_wconf 79' lang='lat' dir='ltr'>consideratis</span> 
     </span>
     <span class='ocr_line' id='line_1_26' title="bbox 225 1019 597 1059; baseline -0.008 -6"><span class='ocrx_word' id='word_1_108' title='bbox 225 1020 398 1053; x_wconf 86' lang='lat' dir='ltr'>Paradisus</span> <span class='ocrx_word' id='word_1_109' title='bbox 423 1019 597 1059; x_wconf 85' lang='lat' dir='ltr'>voluptatis</span> 
     </span>
     <span class='ocr_line' id='line_1_27' title="bbox 272 1067 612 1109; baseline -0.006 -9"><span class='ocrx_word' id='word_1_110' title='bbox 272 1068 330 1109; x_wconf 79' lang='lat' dir='ltr'>Es,</span> <span class='ocrx_word' id='word_1_111' title='bbox 355 1067 428 1099; x_wconf 88' lang='lat' dir='ltr'>Iesu</span> <span class='ocrx_word' id='word_1_112' title='bbox 451 1067 612 1108; x_wconf 88' lang='lat' dir='ltr'>piissime;</span> 
     </span>
     <span class='ocr_line' id='line_1_28' title="bbox 224 1113 644 1156; baseline -0.002 -10"><span class='ocrx_word' id='word_1_113' title='bbox 224 1114 263 1147; x_wconf 85' lang='lat' dir='ltr'>In</span> <span class='ocrx_word' id='word_1_114' title='bbox 289 1118 322 1146; x_wconf 89' lang='lat' dir='ltr'>te</span> <span class='ocrx_word' id='word_1_115' title='bbox 344 1113 416 1147; x_wconf 82' lang='lat' dir='ltr'>fons</span> <span class='ocrx_word' id='word_1_116' title='bbox 441 1113 644 1156; x_wconf 77' lang='lat' dir='ltr'>paternitatis</span> 
     </span>
     <span class='ocr_line' id='line_1_29' title="bbox 228 1160 686 1196; baseline -0.007 0"><span class='ocrx_word' id='word_1_117' title='bbox 228 1162 345 1196; x_wconf 85' lang='lat' dir='ltr'>Omnes</span> <span class='ocrx_word' id='word_1_118' title='bbox 371 1160 493 1194; x_wconf 80' lang='lat' dir='ltr'>fructus</span> <span class='ocrx_word' id='word_1_119' title='bbox 519 1161 686 1194; x_wconf 87' lang='lat' dir='ltr'>suavitatis</span> 
     </span>
     <span class='ocr_line' id='line_1_30' title="bbox 276 1209 668 1250; baseline -0.005 -7"><span class='ocrx_word' id='word_1_120' title='bbox 276 1209 442 1243; x_wconf 84' lang='lat' dir='ltr'>Plantavit</span> <span class='ocrx_word' id='word_1_121' title='bbox 465 1209 668 1250; x_wconf 84' lang='lat' dir='ltr'>plenissime3</span> 
     </span>
    </p>
   </div>
   <div class='ocr_carea' id='block_1_12' title="bbox 226 1256 885 1299">
    <p class='ocr_par' dir='ltr' id='par_1_12' title="bbox 226 1256 885 1299">
     <span class='ocr_line' id='line_1_31' title="bbox 226 1256 885 1299; baseline -0.005 -9"><span class='ocrx_word' id='word_1_122' title='bbox 226 1258 389 1290; x_wconf 86' lang='lat' dir='ltr'>Passionis</span> <span class='ocrx_word' id='word_1_123' title='bbox 413 1260 488 1290; x_wconf 82' lang='lat' dir='ltr'>tuae</span> <span class='ocrx_word' id='word_1_124' title='bbox 512 1256 635 1289; x_wconf 81' lang='lat' dir='ltr'>fructus</span> <span class='ocrx_word' id='word_1_125' title='bbox 854 1268 885 1299; x_wconf 46' lang='lat'>4,</span> 
     </span>
    </p>
   </div>
   <div class='ocr_carea' id='block_1_13' title="bbox 224 1303 785 1528">
    <p class='ocr_par' dir='ltr' id='par_1_13' title="bbox 224 1303 636 1393">
     <span class='ocr_line' id='line_1_32' title="bbox 224 1303 626 1337; baseline -0.005 0"><span class='ocrx_word' id='word_1_126' title='bbox 224 1304 270 1337; x_wconf 86' lang='lat' dir='ltr'>Et</span> <span class='ocrx_word' id='word_1_127' title='bbox 295 1305 416 1337; x_wconf 83' lang='lat' dir='ltr'>cruoris</span> <span class='ocrx_word' id='word_1_128' title='bbox 441 1305 488 1337; x_wconf 85' lang='lat' dir='ltr'>tui</span> <span class='ocrx_word' id='word_1_129' title='bbox 513 1303 626 1337; x_wconf 83' lang='lat' dir='ltr'>fluctus</span> 
     </span>
     <span class='ocr_line' id='line_1_33' title="bbox 276 1349 636 1393; baseline -0.006 -8"><span class='ocrx_word' id='word_1_130' title='bbox 276 1349 432 1385; x_wconf 87' lang='lat' dir='ltr'>Defluens</span> <span class='ocrx_word' id='word_1_131' title='bbox 457 1352 636 1393; x_wconf 84' lang='lat' dir='ltr'>largissime</span> 
     </span>
    </p>

    <p class='ocr_par' dir='ltr' id='par_1_14' title="bbox 226 1399 713 1443">
     <span class='ocr_line' id='line_1_34' title="bbox 226 1399 713 1443; baseline 0.002 -12"><span class='ocrx_word' id='word_1_132' title='bbox 226 1400 341 1432; x_wconf 84' lang='lat' dir='ltr'>Finem</span> <span class='ocrx_word' id='word_1_133' title='bbox 367 1399 449 1432; x_wconf 76' lang='lat' dir='ltr'>fecit</span> <span class='ocrx_word' id='word_1_134' title='bbox 473 1400 575 1432; x_wconf 86' lang='lat' dir='ltr'>nostri</span> <span class='ocrx_word' id='word_1_135' title='bbox 598 1400 713 1443; x_wconf 78' lang='lat' dir='ltr'>luctus,</span> 
     </span>
    </p>

    <p class='ocr_par' dir='ltr' id='par_1_15' title="bbox 228 1446 785 1528">
     <span class='ocr_line' id='line_1_35' title="bbox 228 1446 785 1480; baseline -0.004 0"><span class='ocrx_word' id='word_1_136' title='bbox 228 1447 291 1480; x_wconf 89' lang='lat' dir='ltr'>Per</span> <span class='ocrx_word' id='word_1_137' title='bbox 319 1448 403 1479; x_wconf 86' lang='lat' dir='ltr'>hunc</span> <span class='ocrx_word' id='word_1_138' title='bbox 432 1446 577 1480; x_wconf 84' lang='lat' dir='ltr'>infernus</span> <span class='ocrx_word' id='word_1_139' title='bbox 604 1447 785 1480; x_wconf 86' lang='lat' dir='ltr'>destructus</span> 
     </span>
     <span class='ocr_line' id='line_1_36' title="bbox 277 1494 615 1528; baseline 0 0"><span class='ocrx_word' id='word_1_140' title='bbox 277 1495 384 1528; x_wconf 88' lang='lat' dir='ltr'>Gemit</span> <span class='ocrx_word' id='word_1_141' title='bbox 408 1494 615 1528; x_wconf 88' lang='lat' dir='ltr'>amarissime.</span> 
     </span>
    </p>
   </div>
   <div class='ocr_carea' id='block_1_14' title="bbox 169 1552 873 2120">
    <p class='ocr_par' dir='ltr' id='par_1_16' title="bbox 169 1552 873 2120">
     <span class='ocr_line' id='line_1_37' title="bbox 169 1552 721 1593; baseline -0.002 -8"><span class='ocrx_word' id='word_1_142' title='bbox 169 1554 201 1585; x_wconf 83' lang='lat'>2.</span> <span class='ocrx_word' id='word_1_143' title='bbox 228 1552 438 1592; x_wconf 87' lang='lat' dir='ltr'>Triumphale</span> <span class='ocrx_word' id='word_1_144' title='bbox 461 1552 580 1593; x_wconf 88' lang='lat' dir='ltr'>lignum</span> <span class='ocrx_word' id='word_1_145' title='bbox 608 1552 721 1592; x_wconf 82' lang='lat' dir='ltr'>crucis,</span> 
     </span>
     <span class='ocr_line' id='line_1_38' title="bbox 227 1600 689 1632; baseline 0 0"><span class='ocrx_word' id='word_1_146' title='bbox 227 1600 276 1632; x_wconf 89' lang='lat' dir='ltr'>Tu</span> <span class='ocrx_word' id='word_1_147' title='bbox 303 1600 452 1632; x_wconf 82' lang='lat' dir='ltr'>seductos</span> <span class='ocrx_word' id='word_1_148' title='bbox 478 1608 535 1632; x_wconf 88' lang='lat' dir='ltr'>nos</span> <span class='ocrx_word' id='word_1_149' title='bbox 560 1600 689 1632; x_wconf 82' lang='lat' dir='ltr'>reducis</span> 
     </span>
     <span class='ocr_line' id='line_1_39' title="bbox 275 1647 645 1689; baseline -0.005 -8"><span class='ocrx_word' id='word_1_150' title='bbox 275 1648 328 1681; x_wconf 89' lang='lat' dir='ltr'>Ad</span> <span class='ocrx_word' id='word_1_151' title='bbox 354 1656 494 1687; x_wconf 81' lang='lat' dir='ltr'>superna</span> <span class='ocrx_word' id='word_1_152' title='bbox 519 1647 645 1689; x_wconf 84' lang='lat' dir='ltr'>gaudia,</span> 
     </span>
     <span class='ocr_line' id='line_1_40' title="bbox 227 1695 717 1736; baseline -0.002 -8"><span class='ocrx_word' id='word_1_153' title='bbox 227 1695 342 1728; x_wconf 88' lang='lat' dir='ltr'>Portas</span> <span class='ocrx_word' id='word_1_154' title='bbox 365 1695 481 1735; x_wconf 88' lang='lat' dir='ltr'>pandis</span> <span class='ocrx_word' id='word_1_155' title='bbox 505 1704 601 1728; x_wconf 86' lang='lat' dir='ltr'>verae</span> <span class='ocrx_word' id='word_1_156' title='bbox 625 1695 717 1736; x_wconf 83' lang='lat' dir='ltr'>lueis,</span> 
     </span>
     <span class='ocr_line' id='line_1_41' title="bbox 225 1742 753 1776; baseline 0.002 -2"><span class='ocrx_word' id='word_1_157' title='bbox 225 1742 350 1776; x_wconf 86' lang='lat' dir='ltr'>Fauces</span> <span class='ocrx_word' id='word_1_158' title='bbox 376 1743 500 1775; x_wconf 84' lang='lat' dir='ltr'>claudis</span> <span class='ocrx_word' id='word_1_159' title='bbox 526 1743 627 1775; x_wconf 87' lang='lat' dir='ltr'>hostis</span> <span class='ocrx_word' id='word_1_160' title='bbox 653 1743 753 1775; x_wconf 83' lang='lat' dir='ltr'>trucis</span> 
     </span>
     <span class='ocr_line' id='line_1_42' title="bbox 273 1791 578 1833; baseline -0.007 -9"><span class='ocrx_word' id='word_1_161' title='bbox 273 1791 392 1824; x_wconf 88' lang='lat' dir='ltr'>Divina</span> <span class='ocrx_word' id='word_1_162' title='bbox 415 1791 578 1833; x_wconf 79' lang='lat' dir='ltr'>potentia3</span> 
     </span>
     <span class='ocr_line' id='line_1_43' title="bbox 225 1838 873 1881; baseline -0.002 -10"><span class='ocrx_word' id='word_1_163' title='bbox 225 1838 272 1871; x_wconf 85' lang='lat' dir='ltr'>Te</span> <span class='ocrx_word' id='word_1_164' title='bbox 298 1839 398 1871; x_wconf 85' lang='lat' dir='ltr'>adoro</span> <span class='ocrx_word' id='word_1_165' title='bbox 422 1842 558 1879; x_wconf 82' lang='lat' dir='ltr'>propter</span> <span class='ocrx_word' id='word_1_166' title='bbox 580 1838 682 1879; x_wconf 83' lang='lat' dir='ltr'>illum,</span> <span class='ocrx_word' id='word_1_167' title='bbox 855 1850 873 1881; x_wconf 89' lang='lat'>5</span> 
     </span>
     <span class='ocr_line' id='line_1_44' title="bbox 226 1887 758 1928; baseline 0 -9"><span class='ocrx_word' id='word_1_168' title='bbox 226 1887 284 1927; x_wconf 81' lang='lat' dir='ltr'>Qui</span> <span class='ocrx_word' id='word_1_169' title='bbox 311 1895 442 1928; x_wconf 86' lang='lat' dir='ltr'>gregem</span> <span class='ocrx_word' id='word_1_170' title='bbox 465 1896 524 1927; x_wconf 87' lang='lat' dir='ltr'>per</span> <span class='ocrx_word' id='word_1_171' title='bbox 547 1890 581 1918; x_wconf 86' lang='lat' dir='ltr'>te</span> <span class='ocrx_word' id='word_1_172' title='bbox 605 1887 758 1926; x_wconf 88' lang='lat' dir='ltr'>pusillum</span> 
     </span>
     <span class='ocr_line' id='line_1_45' title="bbox 273 1935 642 1976; baseline -0.005 -8"><span class='ocrx_word' id='word_1_173' title='bbox 273 1935 416 1968; x_wconf 81' lang='lat' dir='ltr'>Reduxit</span> <span class='ocrx_word' id='word_1_174' title='bbox 439 1936 474 1967; x_wconf 89' lang='lat' dir='ltr'>in</span> <span class='ocrx_word' id='word_1_175' title='bbox 498 1935 642 1976; x_wconf 88' lang='lat' dir='ltr'>propria,</span> 
     </span>
     <span class='ocr_line' id='line_1_46' title="bbox 228 1982 659 2024; baseline -0.002 -9"><span class='ocrx_word' id='word_1_176' title='bbox 228 1982 303 2015; x_wconf 87' lang='lat' dir='ltr'>Orci</span> <span class='ocrx_word' id='word_1_177' title='bbox 329 1985 435 2015; x_wconf 86' lang='lat' dir='ltr'>vectes</span> <span class='ocrx_word' id='word_1_178' title='bbox 462 1986 493 2015; x_wconf 86' lang='lat' dir='ltr'>et</span> <span class='ocrx_word' id='word_1_179' title='bbox 518 1982 659 2024; x_wconf 88' lang='lat' dir='ltr'>sigillum</span> 
     </span>
     <span class='ocr_line' id='line_1_47' title="bbox 227 2029 782 2072; baseline 0 -10"><span class='ocrx_word' id='word_1_180' title='bbox 227 2029 438 2071; x_wconf 79' lang='lat' dir='ltr'>Confringens</span> <span class='ocrx_word' id='word_1_181' title='bbox 462 2040 523 2072; x_wconf 85' lang='lat' dir='ltr'>per</span> <span class='ocrx_word' id='word_1_182' title='bbox 544 2031 605 2063; x_wconf 83' lang='lat' dir='ltr'>hoe</span> <span class='ocrx_word' id='word_1_183' title='bbox 631 2031 782 2065; x_wconf 81' lang='lat' dir='ltr'>vexillum</span> 
     </span>
     <span class='ocr_line' id='line_1_48' title="bbox 274 2077 576 2120; baseline 0.013 -10"><span class='ocrx_word' id='word_1_184' title='bbox 274 2079 371 2120; x_wconf 85' lang='lat' dir='ltr'>Signa</span> <span class='ocrx_word' id='word_1_185' title='bbox 394 2077 576 2114; x_wconf 83' lang='lat' dir='ltr'>infernalia.</span> 
     </span>
    </p>
   </div>
   <div class='ocr_carea' id='block_1_15' title="bbox 166 2137 702 2422">
    <p class='ocr_par' dir='ltr' id='par_1_17' title="bbox 166 2137 702 2422">
     <span class='ocr_line' id='line_1_49' title="bbox 166 2137 653 2180; baseline -0.004 -10"><span class='ocrx_word' id='word_1_186' title='bbox 166 2139 199 2170; x_wconf 83' lang='lat'>3.</span> <span class='ocrx_word' id='word_1_187' title='bbox 224 2137 306 2178; x_wconf 87' lang='lat' dir='ltr'>Ave,</span> <span class='ocrx_word' id='word_1_188' title='bbox 335 2138 433 2177; x_wconf 84' lang='lat' dir='ltr'>caput</span> <span class='ocrx_word' id='word_1_189' title='bbox 455 2137 653 2180; x_wconf 77' lang='lat' dir='ltr'>inclinatum,</span> 
     </span>
     <span class='ocr_line' id='line_1_50' title="bbox 225 2184 631 2226; baseline -0.005 -9"><span class='ocrx_word' id='word_1_190' title='bbox 225 2184 420 2226; x_wconf 83' lang='lat' dir='ltr'>Despeotive</span> <span class='ocrx_word' id='word_1_191' title='bbox 446 2187 631 2217; x_wconf 81' lang='lat' dir='ltr'>coronatum</span> 
     </span>
     <span class='ocr_line' id='line_1_51' title="bbox 270 2231 590 2276; baseline -0.006 -10"><span class='ocrx_word' id='word_1_192' title='bbox 270 2232 378 2274; x_wconf 87' lang='lat' dir='ltr'>Spinis</span> <span class='ocrx_word' id='word_1_193' title='bbox 403 2231 590 2276; x_wconf 82' lang='lat' dir='ltr'>infidelium,</span> 
     </span>
     <span class='ocr_line' id='line_1_52' title="bbox 223 2279 666 2322; baseline -0.005 -8"><span class='ocrx_word' id='word_1_194' title='bbox 223 2282 336 2314; x_wconf 87' lang='lat' dir='ltr'>Multis</span> <span class='ocrx_word' id='word_1_195' title='bbox 361 2280 441 2313; x_wconf 85' lang='lat' dir='ltr'>locis</span> <span class='ocrx_word' id='word_1_196' title='bbox 466 2279 666 2322; x_wconf 81' lang='lat' dir='ltr'>perforatum</span> 
     </span>
     <span class='ocr_line' id='line_1_53' title="bbox 223 2330 702 2370; baseline -0.006 -6"><span class='ocrx_word' id='word_1_197' title='bbox 223 2331 478 2370; x_wconf 85' lang='lat' dir='ltr'>Circumquaque</span> <span class='ocrx_word' id='word_1_198' title='bbox 503 2330 702 2361; x_wconf 86' lang='lat' dir='ltr'>cruentatum</span> 
     </span>
     <span class='ocr_line' id='line_1_54' title="bbox 269 2377 660 2422; baseline -0.008 -10"><span class='ocrx_word' id='word_1_199' title='bbox 269 2377 448 2421; x_wconf 79' lang='lat' dir='ltr'>Exemplar</span> <span class='ocrx_word' id='word_1_200' title='bbox 472 2377 660 2422; x_wconf 75' lang='lat' dir='ltr'>humilium3</span> 
     </span>
    </p>
   </div>
   <div class='ocr_carea' id='block_1_16' title="bbox 911 970 1448 1242">
    <p class='ocr_par' dir='ltr' id='par_1_18' title="bbox 914 970 1260 1013">
     <span class='ocr_line' id='line_1_55' title="bbox 914 970 1260 1013; baseline 0 -10"><span class='ocrx_word' id='word_1_201' title='bbox 914 971 939 1003; x_wconf 95' lang='lat' dir='ltr'>O</span> <span class='ocrx_word' id='word_1_202' title='bbox 966 979 1084 1003; x_wconf 83' lang='lat' dir='ltr'>corona</span> <span class='ocrx_word' id='word_1_203' title='bbox 1106 970 1260 1013; x_wconf 86' lang='lat' dir='ltr'>pretiosa,</span> 
     </span>
    </p>

    <p class='ocr_par' dir='ltr' id='par_1_19' title="bbox 914 1018 1382 1106">
     <span class='ocr_line' id='line_1_56' title="bbox 914 1018 1382 1057; baseline 0.002 -8"><span class='ocrx_word' id='word_1_204' title='bbox 914 1018 1014 1057; x_wconf 77' lang='lat' dir='ltr'>Quam</span> <span class='ocrx_word' id='word_1_205' title='bbox 1040 1018 1162 1050; x_wconf 79' lang='lat' dir='ltr'>cruoris</span> <span class='ocrx_word' id='word_1_206' title='bbox 1187 1018 1285 1051; x_wconf 83' lang='lat' dir='ltr'>tinxit</span> <span class='ocrx_word' id='word_1_207' title='bbox 1308 1027 1382 1050; x_wconf 88' lang='lat' dir='ltr'>rosa</span> 
     </span>
     <span class='ocr_line' id='line_1_57' title="bbox 961 1065 1341 1106; baseline 0 -9"><span class='ocrx_word' id='word_1_208' title='bbox 961 1065 1167 1097; x_wconf 87' lang='lat' dir='ltr'>Plasmatoris</span> <span class='ocrx_word' id='word_1_209' title='bbox 1193 1066 1341 1106; x_wconf 88' lang='lat' dir='ltr'>omnium,</span> 
     </span>
    </p>

    <p class='ocr_par' dir='ltr' id='par_1_20' title="bbox 911 1112 1280 1153">
     <span class='ocr_line' id='line_1_58' title="bbox 911 1112 1280 1153; baseline 0.003 -8"><span class='ocrx_word' id='word_1_210' title='bbox 911 1114 975 1145; x_wconf 84' lang='lat' dir='ltr'>Per</span> <span class='ocrx_word' id='word_1_211' title='bbox 997 1115 1029 1145; x_wconf 88' lang='lat' dir='ltr'>te</span> <span class='ocrx_word' id='word_1_212' title='bbox 1052 1112 1111 1145; x_wconf 85' lang='lat' dir='ltr'>fiat</span> <span class='ocrx_word' id='word_1_213' title='bbox 1134 1114 1280 1153; x_wconf 83' lang='lat' dir='ltr'>speciosa</span> 
     </span>
    </p>

    <p class='ocr_par' dir='ltr' id='par_1_21' title="bbox 912 1160 1448 1242">
     <span class='ocr_line' id='line_1_59' title="bbox 912 1160 1448 1201; baseline 0.002 -9"><span class='ocrx_word' id='word_1_214' title='bbox 912 1160 1006 1193; x_wconf 88' lang='lat' dir='ltr'>Mens</span> <span class='ocrx_word' id='word_1_215' title='bbox 1030 1161 1178 1201; x_wconf 86' lang='lat' dir='ltr'>humana,</span> <span class='ocrx_word' id='word_1_216' title='bbox 1203 1170 1292 1193; x_wconf 88' lang='lat' dir='ltr'>mens</span> <span class='ocrx_word' id='word_1_217' title='bbox 1318 1161 1448 1200; x_wconf 89' lang='lat' dir='ltr'>spinosa</span> 
     </span>
     <span class='ocr_line' id='line_1_60' title="bbox 960 1207 1338 1242; baseline 0 -2"><span class='ocrx_word' id='word_1_218' title='bbox 960 1207 1134 1240; x_wconf 84' lang='lat' dir='ltr'>Declinans</span> <span class='ocrx_word' id='word_1_219' title='bbox 1158 1208 1192 1240; x_wconf 89' lang='lat' dir='ltr'>in</span> <span class='ocrx_word' id='word_1_220' title='bbox 1216 1209 1338 1242; x_wconf 87' lang='lat' dir='ltr'>vitium.</span> 
     </span>
    </p>
   </div>
   <div class='ocr_carea' id='block_1_17' title="bbox 910 1264 1409 1830">
    <p class='ocr_par' dir='ltr' id='par_1_22' title="bbox 914 1264 1296 1306">
     <span class='ocr_line' id='line_1_61' title="bbox 914 1264 1296 1306; baseline -0.003 -8"><span class='ocrx_word' id='word_1_221' title='bbox 914 1266 938 1298; x_wconf 94' lang='lat' dir='ltr'>O</span> <span class='ocrx_word' id='word_1_222' title='bbox 963 1264 1035 1298; x_wconf 87' lang='lat' dir='ltr'>fons</span> <span class='ocrx_word' id='word_1_223' title='bbox 1060 1274 1120 1298; x_wconf 87' lang='lat' dir='ltr'>ave</span> <span class='ocrx_word' id='word_1_224' title='bbox 1143 1266 1296 1306; x_wconf 79' lang='lat' dir='ltr'>paradisi,</span> 
     </span>
    </p>

    <p class='ocr_par' dir='ltr' id='par_1_23' title="bbox 912 1313 1409 1447">
     <span class='ocr_line' id='line_1_62' title="bbox 912 1313 1325 1353; baseline 0 -9"><span class='ocrx_word' id='word_1_225' title='bbox 912 1314 942 1344; x_wconf 89' lang='lat' dir='ltr'>A</span> <span class='ocrx_word' id='word_1_226' title='bbox 968 1321 1028 1352; x_wconf 89' lang='lat' dir='ltr'>quo</span> <span class='ocrx_word' id='word_1_227' title='bbox 1054 1316 1203 1353; x_wconf 86' lang='lat' dir='ltr'>quattuor</span> <span class='ocrx_word' id='word_1_228' title='bbox 1230 1313 1325 1346; x_wconf 87' lang='lat' dir='ltr'>divisi</span> 
     </span>
     <span class='ocr_line' id='line_1_63' title="bbox 960 1359 1366 1399; baseline 0 -8"><span class='ocrx_word' id='word_1_229' title='bbox 960 1359 1079 1392; x_wconf 87' lang='lat' dir='ltr'>Dulces</span> <span class='ocrx_word' id='word_1_230' title='bbox 1106 1363 1237 1392; x_wconf 84' lang='lat' dir='ltr'>currunt</span> <span class='ocrx_word' id='word_1_231' title='bbox 1260 1360 1366 1399; x_wconf 83' lang='lat' dir='ltr'>rivuli,</span> 
     </span>
     <span class='ocr_line' id='line_1_64' title="bbox 912 1408 1409 1447; baseline -0.002 -7"><span class='ocrx_word' id='word_1_232' title='bbox 912 1408 976 1440; x_wconf 91' lang='lat' dir='ltr'>Per</span> <span class='ocrx_word' id='word_1_233' title='bbox 1000 1416 1092 1447; x_wconf 87' lang='lat' dir='ltr'>quem</span> <span class='ocrx_word' id='word_1_234' title='bbox 1120 1408 1288 1440; x_wconf 88' lang='lat' dir='ltr'>daemones</span> <span class='ocrx_word' id='word_1_235' title='bbox 1312 1408 1409 1440; x_wconf 89' lang='lat' dir='ltr'>invisi</span> 
     </span>
    </p>

    <p class='ocr_par' dir='ltr' id='par_1_24' title="bbox 910 1454 1395 1830">
     <span class='ocr_line' id='line_1_65' title="bbox 913 1454 1328 1487; baseline -0.002 0"><span class='ocrx_word' id='word_1_236' title='bbox 913 1455 996 1487; x_wconf 84' lang='lat' dir='ltr'>Sunt</span> <span class='ocrx_word' id='word_1_237' title='bbox 1020 1454 1174 1487; x_wconf 77' lang='lat' dir='ltr'>confracti</span> <span class='ocrx_word' id='word_1_238' title='bbox 1202 1458 1232 1487; x_wconf 88' lang='lat' dir='ltr'>et</span> <span class='ocrx_word' id='word_1_239' title='bbox 1259 1455 1328 1487; x_wconf 89' lang='lat' dir='ltr'>elisi</span> 
     </span>
     <span class='ocr_line' id='line_1_66' title="bbox 960 1502 1306 1544; baseline 0.003 -10"><span class='ocrx_word' id='word_1_240' title='bbox 960 1502 1005 1534; x_wconf 88' lang='lat' dir='ltr'>Et</span> <span class='ocrx_word' id='word_1_241' title='bbox 1030 1502 1133 1534; x_wconf 82' lang='lat' dir='ltr'>effecti</span> <span class='ocrx_word' id='word_1_242' title='bbox 1157 1503 1306 1544; x_wconf 83' lang='lat' dir='ltr'>tremuli3</span> 
     </span>
     <span class='ocr_line' id='line_1_67' title="bbox 913 1549 1324 1590; baseline 0.002 -9"><span class='ocrx_word' id='word_1_243' title='bbox 913 1549 1016 1582; x_wconf 83' lang='lat' dir='ltr'>Dulce</span> <span class='ocrx_word' id='word_1_244' title='bbox 1041 1551 1155 1583; x_wconf 88' lang='lat' dir='ltr'>vulnus</span> <span class='ocrx_word' id='word_1_245' title='bbox 1180 1550 1324 1590; x_wconf 64' lang='lat' dir='ltr'>lateram,</span> 
     </span>
     <span class='ocr_line' id='line_1_68' title="bbox 913 1597 1369 1631; baseline -0.002 -1"><span class='ocrx_word' id='word_1_246' title='bbox 913 1599 1004 1631; x_wconf 85' lang='lat' dir='ltr'>Inter</span> <span class='ocrx_word' id='word_1_247' title='bbox 1028 1597 1133 1630; x_wconf 81' lang='lat' dir='ltr'>fontes</span> <span class='ocrx_word' id='word_1_248' title='bbox 1159 1599 1281 1631; x_wconf 87' lang='lat' dir='ltr'>nullum</span> <span class='ocrx_word' id='word_1_249' title='bbox 1303 1598 1369 1629; x_wconf 89' lang='lat' dir='ltr'>tale</span> 
     </span>
     <span class='ocr_line' id='line_1_69' title="bbox 960 1645 1395 1686; baseline 0 -9"><span class='ocrx_word' id='word_1_250' title='bbox 960 1645 1083 1679; x_wconf 81' lang='lat' dir='ltr'>Nectar</span> <span class='ocrx_word' id='word_1_251' title='bbox 1107 1655 1244 1686; x_wconf 84' lang='lat' dir='ltr'>unquam</span> <span class='ocrx_word' id='word_1_252' title='bbox 1269 1646 1395 1686; x_wconf 78' lang='lat' dir='ltr'>poculi3</span> 
     </span>
     <span class='ocr_line' id='line_1_70' title="bbox 910 1694 1364 1736; baseline -0.002 -10"><span class='ocrx_word' id='word_1_253' title='bbox 910 1694 990 1736; x_wconf 76' lang='lat' dir='ltr'>Ave,</span> <span class='ocrx_word' id='word_1_254' title='bbox 1018 1694 1116 1736; x_wconf 86' lang='lat' dir='ltr'>salve,</span> <span class='ocrx_word' id='word_1_255' title='bbox 1143 1695 1255 1734; x_wconf 87' lang='lat' dir='ltr'>gaude,</span> <span class='ocrx_word' id='word_1_256' title='bbox 1282 1694 1364 1733; x_wconf 87' lang='lat' dir='ltr'>vale,</span> 
     </span>
     <span class='ocr_line' id='line_1_71' title="bbox 915 1741 1336 1774; baseline -0.002 0"><span class='ocrx_word' id='word_1_257' title='bbox 915 1741 1033 1774; x_wconf 86' lang='lat' dir='ltr'>Contra</span> <span class='ocrx_word' id='word_1_258' title='bbox 1058 1750 1214 1774; x_wconf 87' lang='lat' dir='ltr'>venenum</span> <span class='ocrx_word' id='word_1_259' title='bbox 1238 1741 1336 1773; x_wconf 88' lang='lat' dir='ltr'>let-ale</span> 
     </span>
     <span class='ocr_line' id='line_1_72' title="bbox 960 1788 1309 1830; baseline 0.003 -9"><span class='ocrx_word' id='word_1_260' title='bbox 960 1788 1164 1822; x_wconf 83' lang='lat' dir='ltr'>Medicamen</span> <span class='ocrx_word' id='word_1_261' title='bbox 1187 1790 1309 1830; x_wconf 88' lang='lat' dir='ltr'>populi.</span> 
     </span>
    </p>
   </div>
   <div class='ocr_carea' id='block_1_18' title="bbox 877 1846 1461 1888">
    <p class='ocr_par' dir='ltr' id='par_1_25' title="bbox 877 1846 1461 1888">
     <span class='ocr_line' id='line_1_73' title="bbox 877 1846 1461 1888; baseline -0.003 -8"><span class='ocrx_word' id='word_1_262' title='bbox 877 1873 885 1880; x_wconf 91' lang='lat'>.</span> <span class='ocrx_word' id='word_1_263' title='bbox 912 1847 1018 1888; x_wconf 88' lang='lat' dir='ltr'>Salve,</span> <span class='ocrx_word' id='word_1_264' title='bbox 1044 1847 1158 1879; x_wconf 88' lang='lat' dir='ltr'>vulnus</span> <span class='ocrx_word' id='word_1_265' title='bbox 1186 1846 1319 1880; x_wconf 80' lang='lat' dir='ltr'>dextrae</span> <span class='ocrx_word' id='word_1_266' title='bbox 1340 1855 1461 1885; x_wconf 83' lang='lat' dir='ltr'>manus,</span> 
     </span>
    </p>
   </div>
   <div class='ocr_carea' id='block_1_19' title="bbox 911 1895 1432 2418">
    <p class='ocr_par' dir='ltr' id='par_1_26' title="bbox 911 1895 1432 2418">
     <span class='ocr_line' id='line_1_74' title="bbox 912 1895 1409 1935; baseline -0.002 -7"><span class='ocrx_word' id='word_1_267' title='bbox 912 1895 1010 1928; x_wconf 83' lang='lat' dir='ltr'>Velut</span> <span class='ocrx_word' id='word_1_268' title='bbox 1034 1895 1155 1927; x_wconf 86' lang='lat' dir='ltr'>Phison</span> <span class='ocrx_word' id='word_1_269' title='bbox 1179 1896 1267 1928; x_wconf 84' lang='lat' dir='ltr'>rivus</span> <span class='ocrx_word' id='word_1_270' title='bbox 1295 1895 1409 1935; x_wconf 85' lang='lat' dir='ltr'>planus</span> 
     </span>
     <span class='ocr_line' id='line_1_75' title="bbox 959 1942 1304 1983; baseline 0 -8"><span class='ocrx_word' id='word_1_271' title='bbox 959 1942 1091 1975; x_wconf 79' lang='lat' dir='ltr'>Miseris</span> <span class='ocrx_word' id='word_1_272' title='bbox 1117 1944 1304 1983; x_wconf 80' lang='lat' dir='ltr'>scaturienS‚</span> 
     </span>
     <span class='ocr_line' id='line_1_76' title="bbox 913 1991 1394 2033; baseline -0.002 -11"><span class='ocrx_word' id='word_1_273' title='bbox 913 1991 1004 2031; x_wconf 82' lang='lat' dir='ltr'>Quod</span> <span class='ocrx_word' id='word_1_274' title='bbox 1029 1991 1166 2024; x_wconf 85' lang='lat' dir='ltr'>1udaeus</span> <span class='ocrx_word' id='word_1_275' title='bbox 1191 1991 1394 2033; x_wconf 86' lang='lat' dir='ltr'>inhumanus,</span> 
     </span>
     <span class='ocr_line' id='line_1_77' title="bbox 912 2038 1314 2072; baseline -0.005 0"><span class='ocrx_word' id='word_1_276' title='bbox 912 2039 1102 2072; x_wconf 87' lang='lat' dir='ltr'>Inhonestus</span> <span class='ocrx_word' id='word_1_277' title='bbox 1129 2042 1160 2071; x_wconf 90' lang='lat' dir='ltr'>et</span> <span class='ocrx_word' id='word_1_278' title='bbox 1183 2038 1314 2072; x_wconf 90' lang='lat' dir='ltr'>insanus</span> 
     </span>
     <span class='ocr_line' id='line_1_78' title="bbox 959 2086 1367 2120; baseline -0.002 -1"><span class='ocrx_word' id='word_1_279' title='bbox 959 2086 1060 2120; x_wconf 81' lang='lat' dir='ltr'>Fodit</span> <span class='ocrx_word' id='word_1_280' title='bbox 1083 2087 1188 2120; x_wconf 88' lang='lat' dir='ltr'>Deum</span> <span class='ocrx_word' id='word_1_281' title='bbox 1212 2086 1367 2119; x_wconf 66' lang='lat' dir='ltr'>nesciens</span> 
     </span>
     <span class='ocr_line' id='line_1_79' title="bbox 912 2134 1311 2176; baseline -0.003 -9"><span class='ocrx_word' id='word_1_282' title='bbox 912 2135 960 2167; x_wconf 87' lang='lat' dir='ltr'>Te</span> <span class='ocrx_word' id='word_1_283' title='bbox 984 2136 1097 2176; x_wconf 87' lang='lat' dir='ltr'>adoro,</span> <span class='ocrx_word' id='word_1_284' title='bbox 1123 2138 1156 2167; x_wconf 88' lang='lat' dir='ltr'>te</span> <span class='ocrx_word' id='word_1_285' title='bbox 1180 2134 1311 2175; x_wconf 91' lang='lat' dir='ltr'>honoro,</span> 
     </span>
     <span class='ocr_line' id='line_1_80' title="bbox 912 2182 1340 2227; baseline -0.005 -12"><span class='ocrx_word' id='word_1_286' title='bbox 912 2183 960 2215; x_wconf 90' lang='lat' dir='ltr'>Te</span> <span class='ocrx_word' id='word_1_287' title='bbox 983 2183 1119 2227; x_wconf 83' lang='lat' dir='ltr'>inquiro,</span> <span class='ocrx_word' id='word_1_288' title='bbox 1147 2185 1179 2214; x_wconf 88' lang='lat' dir='ltr'>te</span> <span class='ocrx_word' id='word_1_289' title='bbox 1203 2182 1340 2222; x_wconf 90' lang='lat' dir='ltr'>imploro</span> 
     </span>
     <span class='ocr_line' id='line_1_81' title="bbox 961 2229 1388 2273; baseline -0.009 -9"><span class='ocrx_word' id='word_1_290' title='bbox 961 2230 1008 2264; x_wconf 86' lang='lat' dir='ltr'>Ut</span> <span class='ocrx_word' id='word_1_291' title='bbox 1031 2232 1128 2264; x_wconf 87' lang='lat' dir='ltr'>miser</span> <span class='ocrx_word' id='word_1_292' title='bbox 1150 2231 1213 2262; x_wconf 86' lang='lat' dir='ltr'>iam</span> <span class='ocrx_word' id='word_1_293' title='bbox 1239 2229 1388 2273; x_wconf 85' lang='lat' dir='ltr'>moriens,</span> 
     </span>
     <span class='ocr_line' id='line_1_82' title="bbox 912 2277 1384 2317; baseline -0.008 -5"><span class='ocrx_word' id='word_1_294' title='bbox 912 2279 957 2312; x_wconf 82' lang='lat' dir='ltr'>Ut</span> <span class='ocrx_word' id='word_1_295' title='bbox 982 2279 1016 2312; x_wconf 84' lang='lat' dir='ltr'>in</span> <span class='ocrx_word' id='word_1_296' title='bbox 1043 2279 1250 2312; x_wconf 82' lang='lat' dir='ltr'>contritorum</span> <span class='ocrx_word' id='word_1_297' title='bbox 1278 2277 1384 2317; x_wconf 76' lang='lat' dir='ltr'>choro,</span> 
     </span>
     <span class='ocr_line' id='line_1_83' title="bbox 911 2325 1432 2368; baseline -0.004 -9"><span class='ocrx_word' id='word_1_298' title='bbox 911 2328 949 2360; x_wconf 91' lang='lat' dir='ltr'>In</span> <span class='ocrx_word' id='word_1_299' title='bbox 976 2336 1036 2368; x_wconf 88' lang='lat' dir='ltr'>quo</span> <span class='ocrx_word' id='word_1_300' title='bbox 1063 2335 1196 2368; x_wconf 88' lang='lat' dir='ltr'>sperans</span> <span class='ocrx_word' id='word_1_301' title='bbox 1222 2327 1285 2359; x_wconf 87' lang='lat' dir='ltr'>iam</span> <span class='ocrx_word' id='word_1_302' title='bbox 1310 2325 1432 2365; x_wconf 87' lang='lat' dir='ltr'>laboro,</span> 
     </span>
     <span class='ocr_line' id='line_1_84' title="bbox 962 2372 1406 2418; baseline -0.002 -10"><span class='ocrx_word' id='word_1_303' title='bbox 962 2375 1131 2418; x_wconf 87' lang='lat' dir='ltr'>Nunquam</span> <span class='ocrx_word' id='word_1_304' title='bbox 1156 2374 1215 2406; x_wconf 86' lang='lat' dir='ltr'>sim</span> <span class='ocrx_word' id='word_1_305' title='bbox 1243 2372 1406 2407; x_wconf 81' lang='lat' dir='ltr'>deficiens.</span> 
     </span>
    </p>
   </div>
  </div>
 </body>
</html>
