1651 2606
715 98 948 134 -24-

377 201 406 233 5.
435 200 588 233 Caelestis
613 199 720 240 proles
744 195 837 228 nobis
860 200 993 233 superos
1020 190 1075 222 det
1096 190 1244 232 honores,

437 247 589 279 Nostrum
613 247 779 286 peceatum
801 242 891 273 laxet
914 238 1044 271 verbum
1072 246 1146 268 caro
1171 235 1301 268 factum.

438 295 571 334 Virgine
597 294 636 325 de
661 291 728 323 feta
752 290 816 330 sint
839 291 985 327 tempora
1008 286 1120 316 nostra
1143 284 1259 326 quieta,

444 342 609 381 Virgineus
633 338 755 370 fruetus
782 336 837 367 det
857 343 915 366 nos
940 335 1134 372 postponere
1158 331 1274 363 luctus.

439 388 506 420 Nos
533 386 722 426 evangelicis
747 390 919 423 purgemur
944 379 1077 411 crimine
1103 378 1208 417 dietis,

362 436 416 468 10.
442 436 473 467 Α
497 437 591 474 patre
615 441 672 464 nos
697 430 785 462 missi
810 429 913 461 salvet
936 426 1118 459 benedictio
1145 425 1275 459 Christi.

440 482 609 521 Virgineus
635 480 747 519 partus
772 476 835 508 sibi
857 477 984 508 nostros
1009 474 1170 513 mancipet
1195 475 1296 513 aetus,

439 528 556 560 Matris
581 527 757 566 plasmator
782 532 840 555 nos
865 525 1014 563 protegat
1037 521 1217 555 auxiliator.

441 575 507 607 Nos
533 573 627 606 radix
652 573 741 604 Iesse
764 579 891 611 semper
916 570 1021 602 salvos
1046 569 1126 601 velit
1150 577 1230 609 esse,

441 622 511 653 Rex
535 621 721 652 incarnatus
746 619 916 651 benedicat
940 626 999 649 nos
1024 617 1203 649 miseratus.

364 671 419 702 15.
446 668 514 700 Nos
540 669 580 701 (le
604 669 720 699 natura
743 666 864 699 Christi
889 665 1014 704 fugiant
1037 664 1193 707 nocitura,

443 715 614 755 Virgineus
638 717 731 746 natus
757 723 814 745 nos
840 713 973 744 mundet
993 712 1089 744 sorde
1117 714 1253 744 creatus.

271 801 342 829 Clm.
365 802 519 829 Mcnaeen-
539 800 588 836 (ol.
609 797 760 837 Tegurin.)
784 798 819 827 19
827 797 892 827 824.
914 806 990 826 saec.
1008 795 1052 825 15.
1076 812 1111 816 -
1132 796 1149 824 7
1171 798 1233 825 sint
1251 799 1355 824 nostra
1366 798 1507 832 tempora.

648 959 690 991 21.
730 959 772 990 De
790 957 896 990 Natali
917 955 1046 988 Domini.

379 1050 525 1083 Gaudeat
552 1049 653 1081 omnis
677 1049 781 1091 homo,
806 1049 881 1089 quia
904 1055 962 1079 nos
989 1046 1029 1078 de
1053 1045 1131 1077 sede
1155 1047 1292 1085 paterna

424 1097 569 1130 Christus
596 1097 746 1137 dignatur
771 1096 875 1128 visere
902 1093 1004 1126 factus
1029 1093 1134 1125 homo.

372 1145 490 1177 Faetus
514 1145 607 1176 homo
629 1144 783 1176 Dominus
813 1143 853 1175 de
878 1142 1001 1181 virgine
1025 1144 1128 1173 matre
1153 1139 1290 1180 fovetur,

423 1192 540 1224 Lactat
564 1192 647 1223 sieut
671 1192 775 1230 homo,
802 1191 942 1231 gaudeat
966 1189 1068 1221 omnis
1093 1188 1196 1221 homo.

317 1242 347 1274 5.
374 1241 462 1272 lnter
485 1240 637 1271 mortales
662 1239 742 1271 vivit
765 1238 911 1270 mortalis
938 1240 970 1268 et
993 1237 1074 1277 ipse,

424 1287 475 1319 Ne
499 1287 655 1319 moriatur
679 1287 782 1326 homo,
809 1287 947 1327 gaudeat
971 1284 1073 1316 omnis
1098 1284 1203 1316 homo.

377 1335 473 1367 Hunc
496 1343 580 1367 nova
604 1334 699 1365 stella
721 1334 826 1365 Deum
850 1334 890 1365 de
914 1332 1000 1363 caelo
1027 1332 1152 1371 clamat,
1178 1331 1337 1363 honorant

424 1382 532 1421 Reges
556 1381 749 1420 muneribus,
776 1381 914 1420 gaudeat
939 1379 1040 1411 omnis
1064 1379 1168 1413 homo.

381 1429 462 1460 Tres
486 1429 550 1459 tria
577 1428 662 1468 dant,
688 1428 753 1460 tria
777 1428 913 1468 mystica
936 1429 1020 1467 sunt,
1046 1427 1160 1458 colitur
1185 1426 1288 1458 tribus
1313 1436 1404 1469 unus,

298 1477 351 1509 10.
427 1476 486 1514 Qui
508 1475 595 1507 Deus
621 1479 670 1507 est
694 1478 726 1507 et
749 1475 852 1514 homo,
879 1475 1017 1515 gaudeat
1041 1474 1143 1507 omnis
1168 1475 1272 1506 homo.

281 1558 349 1586 Cod.
378 1560 505 1586 Parisin.
530 1557 613 1586 8865.
640 1568 716 1587 saec.
746 1557 781 1587 13
823 1576 855 1579 —
882 1554 1082 1588 Ubersohrift:
1110 1560 1203 1596 „Item
1225 1560 1332 1587 Petrus
1358 1559 1395 1586 de
1418 1558 1512 1586 nat-ali

203 1598 322 1625 Domini
332 1594 461 1624 versus.“
493 1597 645 1625 Verfasser
659 1599 699 1624 ist
708 1598 833 1625 Pieri-e
847 1598 879 1625 le
889 1598 1053 1631 Peintre,
1067 1598 1238 1625 Kanonicus
1248 1606 1305 1625 von
1318 1596 1512 1631 Saint—Omer‚

204 1643 262 1661 von
288 1634 351 1661 (lem
377 1635 450 1662 noeh
473 1635 580 1662 andere
600 1635 742 1663 Gediehte
761 1636 925 1664 lolii-hasten
944 1635 1076 1663 Inhaltes
1096 1637 1129 1663 in
1149 1636 1304 1664 derselben
1325 1637 1379 1664 Hs.
1404 1635 1513 1669 stehen,

205 1680 237 1717 so
265 1672 424 1716 deudecem
450 1673 546 1708 plagis
571 1673 712 1710 Aegypti,
744 1683 842 1702 versus
861 1675 940 1702 Petri
967 1673 1004 1701 de
1030 1674 1166 1708 denario,
1193 1674 1229 1701 de
1256 1675 1370 1702 excidio
1389 1675 1515 1702 Romani

206 1718 323 1745 nuper-11
353 1713 378 1737 st
404 1710 439 1737 tle
464 1711 682 1747 magnificentia
710 1713 845 1747 Catonis,
874 1713 910 1740 de
930 1714 1060 1748 egestate
1086 1715 1116 1739 et
1139 1713 1216 1740 fame
1239 1715 1269 1740 et
1288 1714 1340 1740 siti
1359 1713 1460 1750 gulae,
1480 1712 1516 1739 de

206 1749 307 1783 inopia
326 1749 431 1775 mentis
452 1750 482 1776 et
500 1748 576 1776 fame
596 1752 626 1776 et
644 1751 694 1777 siti
715 1752 839 1785 animae,
860 1750 979 1779 libellus
1000 1751 1079 1778 Petri
1101 1751 1136 1778 de
1156 1751 1280 1779 muliere
1301 1752 1389 1779 mala.

626 1904 673 1935 22.
714 1904 757 1936 De
776 1905 949 1938 Nativitate
970 1906 1095 1938 Christi.

225 1993 255 2026 1.
282 1992 420 2024 Verbum
448 1992 488 2024 de
511 1995 605 2032 patre
628 1995 747 2034 natum,
903 1996 933 2028 2.
961 1995 1078 2027 Anima
1100 2005 1181 2037 mea,
1208 1998 1310 2039 plora,

331 2039 453 2071 Lumen
480 2039 520 2093 de
543 2040 671 2081 lumine,
1008 2043 1106 2075 Plora
1131 2053 1202 2076 cum
1226 2046 1359 2090 virgine,

285 2086 397 2126 Nuper
423 2089 471 2118 est
492 2089 692 2119 incarnatum
965 2089 1075 2122 Caruit
1099 2092 1159 2124 illa
1181 2092 1262 2125 hora

331 2133 382 2165 De
405 2136 507 2165 matre
531 2134 663 2174 virgine,
1008 2137 1134 2179 Pauper
1157 2140 1318 2176 iuvamine

285 2181 424 2213 Verbum
448 2181 675 2223 abbreviatum,
959 2184 1108 2219 Adcurre
1132 2190 1165 2219 et
1187 2189 1300 2225 labora
1320 2170 1328 2186 ⁷

332 2230 434 2262 Homo
462 2229 502 2260 de
526 2228 661 2271 homine,

287 2277 403 2309 Fascia
427 2276 617 2316 colligatum,

291 2324 467 2364 Praesaepe
491 2323 679 2355 reclinatum

336 2372 416 2404 Feni
443 2371 500 2404 sub
525 2371 672 2411 tegmine.

1008 2233 1088 2266 Toto
1114 2237 1288 2278 conamine,

963 2279 1048 2312 Para
1071 2285 1242 2324 praesaepi
1262 2286 1344 2330 loca,

965 2326 1065 2360 Simul
1094 2338 1162 2361 cum
1187 2332 1261 2370 ipsa
1284 2333 1356 2366 loca

1011 2375 1116 2407 Iesum
1141 2378 1175 2409 in
1200 2381 1363 2415 stramine.
