1651 2606
229 184 253 222 1,
281 185 299 216 5
325 189 367 216 mi
393 191 540 217 revertere
566 189 601 217 A.
630 204 666 209 ——
692 189 724 224 2,
751 188 768 218 5
796 199 846 227 seq
849 199 917 219 uere
937 200 984 219 me
1003 191 1036 218 B.
1057 205 1095 210 —
1115 188 1200 225 2,1o
1220 191 1244 219 O
1265 190 1339 219 fehlt
1350 191 1462 220 ABGE.

150 240 186 244 —
212 224 241 259 3,
261 224 280 254 3
300 227 416 255 Mecum
438 236 504 256 meo
526 229 567 256 sis
587 228 673 257 BCE.
699 243 735 248 -—-
764 227 790 264 3,
812 199 846 256 4q
851 230 894 257 Ac
918 229 953 257 de
973 229 1027 257 sub
1047 237 1107 257 uno
1128 229 1162 256 A.
1184 243 1221 248 —
1240 226 1268 263 3,
1289 227 1325 256 10
1345 232 1375 257 et
1392 229 1466 256 fehlt

152 262 265 331 ἓξὲξ.
293 280 330 285 --
358 263 391 300 4,
413 263 431 293 2
456 275 637 294 commorare
655 267 692 295 Ε.
713 283 751 287 -
771 250 801 302 6,
830 266 882 294 1—
885 266 902 296 6
922 267 1019 295 fehlen
1039 267 1152 295 ABOE.
1172 282 1210 287 ——
1229 265 1314 302 6,10
1343 267 1366 295 O
1391 267 1465 294 fehlt

230 341 376 376 „Carmen
404 343 565 371 iucundum
586 347 615 371 et
634 344 755 379 perfecti
773 345 880 372 amoris
900 344 1041 372 indicium
1062 340 1101 371 ad
1121 343 1233 371 dulcem
1255 345 1415 371 amatorem
1436 346 1466 370 ot

150 387 291 415 sponsum
305 380 448 408 ecclesiae
461 381 559 409 Iesum
573 382 730 415 Christum,
745 382 802 410 Dei
817 385 846 410 et
858 380 972 410 Mariae
982 382 1083 409 filium.
1088 379 1102 394 “
1117 381 1151 408 A.
1173 381 1350 418 „Mellifluus
1365 381 1463 417 rhyth-

151 426 216 445 mus
251 418 333 446 beati
361 416 533 447 Bernaxdff.
563 420 601 447 D.
639 420 700 447 Der
724 401 848 448 ’Wiener
875 419 1226 456 Handschriftenkatalog
1255 419 1384 448 schreibt
1411 420 1464 447 das

152 455 228 484 Lied
248 456 314 484 dem
335 456 537 492 Hieronymus
557 466 615 485 von
634 457 775 486 Mondsee
794 467 839 493 zu,
861 458 990 486 offenbar
1009 458 1205 486 irrtuinlicher
1224 458 1332 486 Weise.

591 605 639 638 33.
666 606 712 637 Ad
731 606 888 638 Christum
908 606 1025 639 Oratio.

170 685 200 719 1.
226 684 310 725 Iesu,
337 685 391 724 qui
418 684 458 717 de
486 685 610 725 virgine

274 742 333 772 pro
358 732 449 765 nobis
476 741 509 765 es
533 736 637 773 natus,

230 778 441 812 Circumcisus
466 781 679 823 postmodum,

273 827 307 859 in
331 829 485 868 templum
510 827 645 868 oblatus,

228 875 305 907 Post
328 884 445 907 annum
470 875 664 907 tricesimum

276 931 359 962 aqua
383 922 574 963 baptizatus,

226 968 310 1001 Dein
331 972 405 1009 post
429 970 580 1002 ieiunium

276 1026 295 1048 a
315 1017 456 1049 Sathana
480 1018 664 1056 temptatus,

226 1063 272 1097 Ut
296 1072 404 1095 omnes
431 1063 569 1096 dilueres

270 1110 423 1143 humanos
449 1115 566 1151 reatus,

223 1157 307 1190 Mihi
333 1157 425 1201 dona,
451 1157 597 1199 Domine,

273 1205 358 1237 dona
382 1206 467 1238 sacri
491 1204 595 1240 flatus,

166 1278 196 1305 z.
224 1272 284 1310 Qui
309 1272 484 1305 Iohannem
509 1274 600 1305 utero

270 1320 412 1359 gaudere
436 1318 553 1360 fecisti,

221 1367 275 1398 Ad
302 1369 335 1399 te
357 1376 467 1408 magos
489 1368 621 1407 praevia

270 1414 366 1447 stella
389 1415 579 1455 perduxisti,

222 1462 282 1503 Qui
308 1463 416 1495 vinum
441 1462 474 1494 in
498 1463 619 1502 nuptiis

272 1518 311 1542 ex
337 1518 420 1550 aqua
444 1508 560 1550 fecisti,

222 1557 357 1597 Captum
383 1567 402 1590 a
428 1557 594 1590 daemonio

269 1608 392 1637 mutum
417 1605 539 1645 eruisti,

219 1653 411 1687 Diuturnam
440 1651 590 1685 feminam

267 1702 376 1733 statim
402 1701 542 1741 erexisti,

219 1748 333 1781 Ficum
358 1749 470 1781 reddis
497 1748 632 1791 aridum,

270 1797 321 1829 cui
342 1797 427 1829 male
454 1796 573 1839 dixisti,

160 1855 192 1887 3.
218 1853 324 1887 Motui
345 1855 443 1887 maris
465 1854 605 1895 imperas

265 1905 296 1934 et
322 1905 451 1936 ventum
476 1904 606 1947 sedasti,

218 1950 311 1984 Pisce
336 1951 434 1984 dante
458 1953 611 1984 staterem

268 1999 435 2039 didragma
461 1999 595 2040 solvisti,

216 2046 350 2079 socrum
375 2048 465 2081 Petri
489 2047 634 2081 febribus

264 2097 421 2127 tentatum
448 2095 576 2135 curasti,

216 2142 320 2182 Super
345 2152 463 2183 aquam
483 2144 583 2177 veluti

263 2200 324 2231 per
348 2194 468 2225 terram
492 2192 649 2234 transisti,

215 2240 261 2272 Te
288 2248 397 2272 coram
423 2239 590 2279 discipulis

263 2286 544 2329 transfiguravisti,

214 2336 275 2376 Qui
302 2336 342 2369 de
367 2340 493 2377 septem
519 2336 656 2376 panibus

260 2385 350 2420 milia
372 2386 503 2430 pavisti,

907 686 1019 719 Plures
1046 687 1086 719 de
1110 687 1239 720 residuo

956 736 1082 774 sportas
1106 734 1289 775 implevisti,

910 780 1075 814 Peccatori
1098 782 1242 822 subveni,

956 830 1010 869 pie
1033 829 1131 869 Deus,
1157 829 1223 862 isti.

875 947 883 954 .
911 924 971 963 Qui
995 924 1148 964 propulso
1175 925 1328 956 daemone

956 971 1094 1004 Surdum
1121 971 1177 1003 das
1203 971 1324 1009 audire,

907 1018 1014 1058 Rupto
1039 1018 1166 1059 linguae
1190 1018 1316 1050 vinculo

955 1069 1074 1098 mutum
1099 1065 1186 1105 loqui
1209 1066 1301 1108 mire,

909 1112 1010 1145 Sanas
1034 1113 1248 1152 paralyticum

953 1163 985 1192 et
1010 1159 1091 1193 facis
1117 1160 1216 1201 abire,

909 1207 1079 1248 Legionem
1104 1208 1243 1248 imperas

953 1256 987 1288 in
1011 1264 1126 1296 porcos
1149 1256 1265 1299 subire,

908 1303 994 1342 Quae
1018 1306 1092 1335 sunt
1115 1303 1174 1335 tibi
1196 1303 1326 1343 placita,

953 1349 1005 1383 fac
1029 1359 1090 1393 me,
1116 1350 1213 1391 Deus,
1239 1351 1331 1383 scire.

871 1460 877 1467 .
906 1435 966 1474 Qui
990 1437 1099 1469 decem
1126 1445 1146 1467 a
1166 1436 1291 1468 macula

952 1484 1097 1524 leprosos
1117 1483 1288 1527 mundasti,

906 1531 965 1571 Qui
993 1532 1032 1564 de
1057 1532 1196 1571 quinque
1220 1529 1356 1570 panibus

953 1578 1071 1611 multos
1096 1582 1133 1611 tu
1158 1579 1287 1620 curasti,

905 1626 966 1665 Qui
994 1626 1183 1660 chananeae
1207 1625 1306 1659 filiam

955 1675 1120 1706 clamantis
1145 1675 1288 1716 salvasti,

905 1722 965 1762 Qui
990 1722 1152 1755 Martham
1178 1732 1196 1754 6
1222 1722 1383 1764 sanguinis

952 1768 1041 1802 fluxu
1064 1770 1219 1812 liberasti,

903 1816 959 1850 Me
984 1818 1082 1861 salva,
1110 1826 1203 1857 quem
1228 1817 1380 1858 sanguine

953 1866 1086 1906 proprio
1110 1866 1265 1907 purgasti.

857 1954 878 1986 '.
903 1952 964 1993 Qui
990 1951 1145 1984 fatentem
1169 1951 1287 1992 recipis

951 2000 1005 2039 pie
1029 2000 1245 2039 publicanum,

906 2047 1113 2081 Pharisaeum
1139 2048 1278 2088 despicis

951 2095 1123 2136 superbum
1150 2098 1182 2127 et
1206 2104 1331 2136 vanum,

903 2144 963 2185 Qui
988 2143 1086 2176 verbo
1112 2143 1255 2176 restituis

951 2200 1062 2224 mauro
1083 2192 1201 2223 siccam
1224 2198 1360 2227 manum,

904 2240 1049 2280 Servum,
1075 2248 1133 2279 pro
1159 2248 1220 2280 quo
1247 2237 1388 2269 centurio

954 2289 1055 2328 rogat,
1080 2286 1161 2320 facis
1186 2294 1306 2324 sanum,

904 2336 996 2376 Quod
1021 2338 1070 2367 est
1090 2336 1123 2367 111
1150 2343 1199 2365 1116
1223 2332 1392 2365 subdolum

950 2384 1028 2416 tolle
1054 2385 1086 2415 et
1107 2381 1287 2423 profanum.
