1653 2608
742 97 1000 134 -203—

219 194 249 227 2.
278 191 391 225 Gaude
416 203 487 226 cum
511 195 582 235 ipso
604 196 719 237 locata,
903 199 935 230 6.
962 196 1083 238 Gaude,
1111 197 1206 230 decus
1232 200 1416 238 angelorum

277 240 315 272 In
342 249 438 274 earne
463 242 640 282 glorificata
962 245 1169 285 Omniumque
1192 244 1358 278 beatorum

326 288 457 322 Pati-um
483 291 681 332 testimoni03
1008 292 1110 325 Laeta
1134 293 1326 337 speculatio;

281 335 402 381 Gaude,
431 337 533 369 stellis
559 343 711 371 coronata
963 340 1085 378 Gaude,
1113 341 1221 373 nutrix
1247 341 1471 382 orphanorum,

277 383 333 415 Bis
359 386 444 417 senis
469 388 501 417 et
524 386 686 418 illustrata
961 388 1144 420 Liberatrix
1167 397 1401 433 oppressorum,

323 432 467 465 Luminis
489 434 658 474 principio.
1008 436 1124 476 Aegris
1149 437 1314 471 recreatio.

221 490 251 522 3.
281 488 403 532 Gaude,
429 490 539 530 regina
563 491 667 530 beata,
902 492 933 524 7.
961 492 1081 536 Gaude,
1108 502 1223 533 parens
1249 493 1368 534 absque
1393 495 1474 534 pari,

277 536 382 577 Super
407 538 512 570 caelos
539 539 687 581 exaltata,
962 540 1061 579 Quam
1085 539 1247 573 ferventer
1273 542 1481 583 contemplari

321 585 429 617 Mater
453 586 561 617 iuncta
585 585 667 627 filio·²
1008 587 1120 620 Dulcis
1147 592 1195 620 est
1219 588 1369 629 refecti03

277 632 398 677 Gaude,
426 641 499 673 spes
524 634 714 675 desiderata,
961 634 1083 676 Gaude,
1109 636 1286 677 praedigna
1309 637 1446 679 laudari,

276 680 327 712 Ex
351 683 385 712 te
409 679 501 712 fulsit
526 681 613 713 salus
640 681 714 713 data
958 682 1063 723 Digna
1087 686 1192 716 tamen
1217 684 1328 716 laudes
1354 684 1415 718 fari

325 728 450 760 Pressis
475 728 509 759 in
536 730 657 761 exsilio.
1007 730 1114 770 Impos
1141 735 1189 763 est
1213 730 1348 765 affectio.

215 786 249 819 4.
277 783 399 827 Gaude,
428 786 549 818 dextris
576 786 704 819 deitatis
902 787 933 820 8.
961 787 1082 828 Gaude,
1111 789 1214 821 celsae
1239 789 1324 821 vitae
1349 791 1410 834 via,

272 833 437 867 Assistens
463 832 535 866 fons
560 834 700 877 pietatis,
959 835 1033 867 Tibi
1060 844 1189 876 compar
1213 837 1393 876 psalmodia

322 880 457 913 Maestis
484 882 676 924 consolati03
1007 882 1105 915 Nulla
1127 892 1187 915 nec
1211 885 1331 926 oratio3

277 927 400 970 Gaude,
427 938 539 963 norma
563 929 752 968 sanctitatis,
959 930 1045 971 Ergo
1070 940 1166 971 posse
1192 931 1243 971 da,
1272 932 1388 977 Maria,

274 975 446 1015 Speculum
473 977 662 1009 humilitatis
959 977 1080 1017 Supple
1104 987 1197 1010 nosse
1221 987 1366 1019 poscens,
1392 981 1447 1021 pia

322 1024 402 1055 Boni
428 1025 627 1064 propagatio.
1006 1023 1094 1056 Caeli
1119 1025 1294 1060 honoratio.

215 1083 246 1114 5.
274 1080 396 1123 Gaude,
423 1080 500 1120 fuga
523 1081 684 1120 vitiorum,
900 1082 932 1113 9.
957 1081 1003 1113 Et
1023 1081 1094 1125 iste,
1122 1083 1175 1122 qui
1201 1092 1261 1114 non
1286 1088 1437 1126 meretur,

273 1128 406 1160 Solvens
432 1128 560 1160 vincula
584 1137 720 1171 reorum,
957 1129 1011 1161 Ad
1036 1129 1093 1160 has
1118 1130 1230 1163 laudes
1253 1130 1467 1165 inflammetur

319 1176 415 1208 Iustis
440 1176 647 1217 praemiatio;
1002 1177 1071 1210 Tuo
1095 1178 1283 1223 patrocinio,

274 1223 395 1266 Gaude,
425 1224 551 1256 doctrix
576 1227 607 1255 et
624 1225 677 1256 lex
691 1233 826 1265 morum,
956 1224 1000 1257 Et
1025 1224 1072 1256 sic
1097 1234 1222 1266 semper
1247 1231 1416 1260 veneretur

273 1271 409 1303 Ductrix
434 1280 473 1304 ac
496 1272 553 1303 lux
576 1272 744 1313 viatorum,
955 1272 1078 1304 Nomen
1103 1276 1202 1315 tuum,
1227 1276 1264 1305 ut
1287 1278 1414 1308 tenetur

320 1318 434 1359 Lapsis
461 1319 624 1353 relevatio.
1004 1320 1134 1354 Sincero
1158 1323 1346 1364 praeconi03

610 1372 713 1414 Dona,
739 1373 824 1412 quod
852 1373 1079 1404 exterminetur

611 1421 711 1453 Omne
734 1421 862 1462 malum,
889 1420 957 1452 vita
984 1421 1077 1453 detur

660 1467 753 1500 Omni
779 1476 890 1500 carens
913 1468 1003 1502 vitio.

272 1540 342 1571 Cod.
375 1542 404 1570 S.
429 1544 512 1572 Petri
533 1544 732 1581 Salisburgen.
753 1545 772 1572 b
793 1545 825 1572 ΙΙ
847 1541 874 1571 3.
896 1552 971 1572 saec.
995 1542 1038 1572 15.
1060 1543 1094 1571 A.
1115 1560 1153 1564 —
1174 1545 1242 1573 Cod.
1264 1546 1293 1574 S.
1315 1547 1397 1575 Petri
1418 1546 1508 1576 Salis-

194 1583 315 1619 buxgen.
336 1582 355 1610 b
375 1582 434 1610 VII
456 1580 499 1609 10.
521 1590 598 1610 saec.
611 1581 655 1611 15.
677 1583 709 1610 Β.
729 1598 768 1603 —
789 1584 868 1611 Orat.
889 1591 942 1610 ins.
962 1584 1142 1620 Tegurinum
1163 1585 1233 1611 anni
1256 1583 1337 1613 1470.
1359 1586 1430 1614 Cim.
1444 1587 1508 1614 Mo-

194 1629 296 1648 nacen.
318 1617 354 1648 20
367 1618 434 1648 021.
457 1620 487 1648 O.
509 1634 546 1638 —
565 1619 592 1655 4,
615 1619 631 1648 6
651 1624 831 1658 propagatur
851 1621 911 1649 AB.
938 1638 944 1641 -
990 1620 1016 1655 6,
1037 1619 1055 1648 2
1076 1630 1133 1657 que
1152 1622 1226 1650 fehlt
1245 1624 1303 1650 AB.
1325 1640 1362 1645 —

609 1770 669 1803 195.
703 1771 747 1802 De
766 1772 982 1812 Assumptione
1002 1772 1090 1805 BMV.

211 1861 241 1895 1.
264 1860 345 1900 Ave,
374 1861 441 1893 dies
466 1861 649 1902 laudabilis,
894 1864 925 1897 3.
950 1864 1120 1904 Nunquam
1148 1865 1240 1897 decet
1265 1865 1441 1898 dissolvere

267 1908 305 1940 In
331 1918 392 1949 qua
418 1909 504 1942 Deus
529 1910 686 1942 mirabilis
953 1912 1022 1944 Nec
1046 1912 1079 1944 in
1105 1916 1223 1946 terram
1249 1915 1410 1946 resonem

314 1958 408 1990 Venit
432 1957 631 2002 mirabiliter,
1001 1960 1123 2001 Corpus
1148 1962 1395 2001 immaculatum,

265 2004 414 2038 Gratiose
440 2006 634 2041 exclamavit
951 2008 1120 2048 Nunquam
1138 2008 1201 2042 fuit
1223 2008 1346 2041 infamia

262 2052 308 2087 Et
329 2056 464 2086 matrem
490 2064 579 2086 suam
603 2055 740 2095 vocavit,
949 2056 1098 2089 Foetoris
1124 2067 1184 2090 nec
1207 2058 1345 2099 miseria,

310 2101 430 2135 Dicens
455 2101 646 2136 affabiliter:
997 2104 1069 2138 Nisi
1095 2109 1228 2146 propter
1250 2108 1383 2140 reatum.

202 2162 234 2195 2.
262 2160 354 2200 Veni,
378 2163 481 2193 mater
506 2164 538 2192 et
564 2161 701 2202 domina,
890 2163 922 2196 4.
952 2162 1033 2196 Caro
1059 2165 1114 2195 tua
1140 2172 1212 2196 earo
1238 2171 1317 2202 mea,

261 2208 469 2242 Transcende
494 2212 600 2242 terrae
623 2210 745 2252 limina,
949 2211 1038 2244 Talis
1064 2220 1137 2243 earo
1162 2220 1227 2243 non
1250 2213 1299 2242 est.
1323 2220 1380 2244 rea

308 2257 391 2290 Tota
414 2258 512 2298 plena
535 2259 656 2299 gratia3
999 2259 1218 2299 Cuiuscunque
1244 2259 1396 2301 criminis,

260 2306 351 2347 Veni,
379 2306 535 2347 templum
561 2307 700 2348 deitatis,
948 2308 1035 2349 Ergo
1058 2310 1114 2339 tua
1137 2315 1201 2339 non
1226 2307 1343 2339 sentiet

259 2354 450 2389 Triclinium
476 2355 631 2388 trinitatis
946 2356 1097 2388 Dolorem
1123 2363 1183 2386 nec
1206 2355 1365 2395 percipiet

306 2404 344 2436 In
367 2407 499 2437 aeterna
523 2404 635 2446 gloria.
995 2404 1167 2437 Foetorem
1190 2403 1381 2445 putredinis.
