1651 2606
697 87 957 124 —141—

179 180 235 214 17.
261 182 302 215 In
326 190 379 214 me
402 185 538 223 peccata
560 185 710 226 reprime,

264 229 438 263 Suavitatis
463 231 597 265 intimae

313 277 456 317 Propina
482 279 559 311 mihi
585 280 750 320 stillulam,

264 324 310 358 Ut
334 327 524 364 peccatricis
549 328 674 359 animae

871 186 927 219 18.
952 185 1016 218 Per
1039 186 1082 224 te,
1106 184 1224 224 Maria,
1250 184 1376 216 veniam

952 232 1005 264 Ad
1031 234 1234 272 peccatorum
1260 231 1394 273 veniam,

999 279 1109 312 Fortis
1136 281 1166 311 et
1191 281 1304 319 potens
1330 278 1455 319 mulier,

954 329 1016 361 Per
1040 331 1073 360 te
1099 326 1241 360 deducar
1267 327 1362 358 etiam

268 373 529 412 Compunctionis
556 375 708 407 lacrimae
953 375 1005 408 Ad
1032 375 1215 414 angelorum
1241 374 1386 414 gloriam,

312 420 433 453 Delere
456 422 583 461 possint
606 422 773 454 maculam.
1000 422 1047 455 Ut
1068 422 1102 454 in
1126 424 1291 455 aeternum
1315 420 1443 461 glorier.

526 479 581 513 19.
608 479 674 512 Ubi
698 488 758 511 nec
781 480 815 511 in
841 480 1033 521 supplicium

608 526 760 559 Vertetur
786 527 990 568 desiderium,

655 575 748 615 Quod
771 584 837 607 non
861 575 985 608 carebit
1008 575 1133 619 gaudio,

609 621 679 654 Nec
702 622 786 655 illud
802 622 837 654 in
862 621 1028 655 fastidium

608 669 701 702 Verbi
723 669 836 702 licebit
860 670 1010 711 gaudium

656 717 729 750 Non
758 726 870 750 carens
898 718 1070 751 desiderio.

606 766 680 798 'Hoc
703 768 855 809 praestet,
884 766 1020 807 Christe,
1047 765 1223 807 praemium

611 813 725 845 Coetui
748 813 999 853 supplicantium

657 861 728 893 Tua
751 861 950 901 propitiatiO.

247 915 319 944 Cod.
338 917 458 944 Trecen.
478 914 527 951 (01.
550 915 774 952 claraevallen.)
795 914 877 945 1612.
899 924 975 944 saec.
999 914 1043 943 15.
1063 931 1101 935 -
1123 913 1167 949 19,
1190 913 1204 942 1
1226 915 1295 943 Tibi
1317 923 1378 942 nec.

622 1007 679 1039 141.
710 1007 754 1038 De
774 1007 872 1039 Partu
888 1005 1038 1047 Virginis.

872 1070 903 1102 3.
931 1067 1021 1100 Sicut
1045 1076 1098 1100 ros
1122 1068 1155 1099 in
1181 1076 1325 1107 gramme

929 1115 1106 1148 Descendit
1134 1116 1165 1147 in
1193 1115 1317 1154 virgine

978 1163 1118 1196 Verbum
1146 1162 1259 1195 summi
1284 1162 1396 1203 patrie,

928 1211 1060 1244 Patrem
1084 1220 1148 1244 non
1175 1210 1318 1242 deseruit

185 1071 213 1102 1.
243 1069 365 1110 Gaude,
392 1068 602 1112 admirabilis,

240 1117 338 1157 Virgo
365 1116 571 1156 venerabiliS‚

290 1164 378 1203 Quae
402 1164 490 1204 paris
514 1165 647 1206 intacta,

243 1212 320 1245 Sine
344 1213 406 1244 viri
433 1212 527 1256 coitu,

242 1260 342 1292 Plena
366 1263 477 1292 sancto
501 1260 628 1300 spiritu,

291 1306 446 1341 Genetrix
471 1316 505 1339 es
530 1305 627 1341 facta.

182 1368 215 1400 2.
241 1365 384 1398 Cardine
408 1364 449 1396 de
473 1372 590 1405 supero

240 1412 326 1445 Rore
354 1410 522 1445 salutifero

290 1459 414 1493 Venter
439 1458 641 1498 fecundatur,

241 1508 374 1548 Peperit
397 1505 590 1549 fecunditas,

929 1259 975 1291 Et
1002 1259 1171 1291 mortalem
1196 1257 1303 1291 induit,

977 1308 1128 1339 Formam
1153 1306 1225 1338 alvo
1248 1304 1371 1338 matris.

896 1389 903 1396 .
930 1362 1021 1395 Sicut
1045 1367 1165 1395 terram
1190 1363 1311 1403 pluvia,

930 1410 984 1442 Sic
1008 1411 1116 1443 divina
1141 1411 1246 1452 gratia

978 1458 1142 1499 Virginem
1169 1456 1332 1499 fecundat,

930 1506 1065 1539 Sanctus
1092 1514 1160 1538 eam
1183 1505 1316 1546 sp1ritus

238 1555 283 1587 Et
307 1564 400 1588 sacra
425 1555 592 1595 virginitas
930 1554 960 1586 A
984 1557 1118 1594 peccato
1145 1554 1267 1594 penitus

289 1604 421 1645 Integra
445 1605 602 1637 servatur.
977 1602 1092 1634 Abluit
1116 1605 1149 1634 et,
1172 1603 1316 1634 mundat.

526 1662 558 1694 5.
585 1660 658 1693 Non
685 1663 734 1692 est
758 1669 837 1700 opus
864 1659 1012 1700 hominis,

586 1709 650 1741 Sed
675 1710 723 1740 est
747 1717 827 1750 opus
853 1708 990 1740 numinis

628 1756 674 1789 Et
697 1764 833 1797 magnae
858 1756 999 1795 virtutis,

586 1804 735 1845 Concipit
759 1805 791 1836 et
815 1806 957 1845 generat,

586 1853 674 1893 Quae
701 1852 802 1885 virum
828 1862 891 1885 non
916 1855 1060 1893 noverat,

631 1901 806 1933 Auctorem
834 1900 959 1935 salutis.

164 1998 190 2026 E
224 1959 323 2027 1οΞξὲ
350 1967 404 1987 ms.
431 1958 545 1986 Domus
573 1958 677 1987 Novae
705 1958 796 1985 Lucis
829 1958 900 1985 anni
927 1955 1009 1985 1477.
1056 1955 1126 1984 Cod.
1157 1956 1344 1986 Ultraiectin.
1372 1955 1490 1989 Scriptt.

193 2007 224 2026 ee
239 2019 245 2025 .
325 2017 331 2024 .

611 2080 675 2113 142.
706 2079 749 2112 De
770 2080 871 2111 Parta
891 2079 1046 2120 Virginis.

179 2146 209 2178 1.
234 2144 338 2178 Matri
364 2144 480 2184 dignae
506 2152 571 2175 non
594 2142 727 2182 indigne
870 2143 904 2174 2.
933 2142 1030 2183 Virgo
1056 2143 1170 2181 mater,
1194 2143 1287 2172 natus
1314 2141 1417 2181 pater,

236 2192 363 2228 Praebe
387 2191 500 2224 laudes
520 2193 565 2232 tu,
599 2190 652 2229 qui
678 2189 798 2230 gaudes
928 2189 1029 2222 Modo
1055 2189 1135 2221 miro
1161 2187 1230 2220 sine
1255 2196 1323 2219 γης)

282 2241 321 2274 In
344 2238 474 2273 Mariae
498 2237 666 2278 laudibus;

234 2289 297 2324 Dic
324 2289 365 2321 de
389 2289 494 2321 matre
518 2286 588 2318 sine
611 2290 712 2327 patre,

236 2338 327 2371 Sicut
348 2338 475 2377 patrem
497 2333 635 2374 primum
663 2331 795 2363 fratrem

284 2385 379 2417 Fecit
401 2382 512 2416 multis
536 2379 704 2414 fratribus.

976 2237 1033 2269 Fit
1057 2236 1150 2269 homo
1178 2235 1217 2267 de
1241 2234 1387 2276 homine3

928 2284 1018 2317 Haec
1047 2287 1162 2317 natura
1186 2281 1290 2314 nescit.
1313 2282 1393 2321 iura,

930 2333 1047 2367 Clausa
1074 2333 1166 2365 domo
1191 2330 1279 2362 Deus
1305 2330 1398 2362 homo

977 2380 1130 2413 Nascitur
1157 2380 1197 2412 de
1223 2377 1357 2418 virgine.
