1651 2606
731 110 966 146 -46-

208 217 239 250 7.
265 214 325 255 Qui
351 214 391 246 de
414 212 476 245 ficu
501 211 590 244 fatua

315 261 433 294 vocasti
456 260 643 299 Zachaeum,

267 309 427 341 Theloneo
452 306 612 339 subtrahis

313 356 469 388 transiens
491 353 699 391 Matthaeum,

266 404 324 443 Qui
349 411 441 434 sanas
466 400 686 441 hydropicum,

314 450 445 482 sabbato
472 457 561 480 curas
586 455 684 485 reum,

267 498 327 537 Qui
356 497 476 529 distans
501 504 520 526 a
543 493 646 534 reguli

314 546 388 575 nato
413 551 506 574 sanas
532 549 612 580 eum,

267 591 449 631 Reparante
473 588 577 629 gratia

314 636 473 677 perfunde
498 644 552 666 cor
575 642 689 666 meum.

887 206 917 238 8.
945 205 1005 244 Qui
1029 202 1154 236 Mariae
1177 201 1327 234 lacrimas

991 252 1046 291 pie
1069 249 1252 292 respexisti,

945 299 1004 340 Qui
1030 299 1203 330 clementer
1229 296 1364 327 crimina

993 346 1094 377 multa
1117 344 1278 383 dimisisti,

947 394 1082 433 Captam
1107 390 1265 424 adulterio

992 440 1155 472 moecham
1181 436 1358 475 absolvisti,

945 489 1080 522 Caecum
1106 488 1216 518 natum
1241 485 1358 516 liniens

995 536 1104 568 videre
1129 533 1247 573 fecisti,

952 603 1435 618 .........

1012 654 1375 664 .......

274 711 342 740 Cod.
363 711 501 740 Graecen.
523 707 588 738 938.
608 716 683 737 saec.
706 705 751 735 15.
790 707 852 734 Das
874 707 1003 734 Weitere
1023 706 1105 734 fehlt.

633 828 681 860 34.
712 828 757 859 Ad
778 826 931 859 Christum
953 825 1070 857 Oratio.

215 915 245 946 1.
272 911 383 943 Dulcis
407 912 490 953 Iesu,
518 911 571 950 qui
596 918 629 941 es
653 911 746 941 natus

316 958 366 990 De
388 958 495 990 Maria
516 957 649 997 virgine,

273 1006 374 1037 Verus
399 1006 502 1045 homo,
529 1005 583 1044 qui
607 1013 639 1036 es
664 1003 756 1035 datus

318 1054 356 1085 In
383 1061 476 1084 cruce
498 1061 558 1092 pro
584 1051 718 1094 homine,

272 1100 389 1133 Sordes
416 1109 501 1132 meas
526 1102 558 1130 et
581 1101 687 1130 reatus

320 1147 422 1187 Terge
446 1150 500 1179 tuo
526 1146 686 1186 sanguine.

219 1225 248 1257 2.
275 1224 447 1265 Memento,
473 1223 557 1262 quod
584 1222 688 1253 carnis
712 1222 783 1253 iura

318 1270 456 1302 Nostrae
470 1270 628 1310 quondam
638 1269 820 1310 sumpseris,

273 1318 363 1358 Quod
389 1321 514 1350 creator
539 1320 685 1348 creatura

322 1365 384 1397 Pro
411 1364 503 1396 nobis
529 1363 676 1403 efficeriS,

269 1412 314 1444 Et
337 1412 422 1451 quod
446 1410 550 1443 factor
574 1420 633 1450 pro
659 1409 785 1442 factura

316 1459 456 1490 Mortem
482 1459 584 1490 crucis
605 1458 727 1490 tuleris.

216 1537 246 1569 3.
272 1535 359 1567 Deus
386 1544 465 1566 unus
490 1538 525 1567 tu
550 1537 583 1566 et
606 1537 699 1575 pater

321 1582 398 1615 Cum
426 1583 496 1614 sitis
522 1582 669 1624 essentia,

274 1629 319 1661 Et
344 1632 375 1660 te
399 1630 476 1661 mihi
501 1630 587 1670 parit
610 1633 712 1661 mater

324 1677 392 1708 Viri
417 1686 539 1717 quoque
561 1677 679 1715 nescia,

276 1724 362 1756 Deus
387 1733 473 1755 meus
501 1733 533 1755 es
560 1727 592 1755 et
616 1723 717 1756 frater

323 1771 362 1803 ln
388 1772 492 1803 carnis
517 1771 704 1805 substantia.

221 1848 254 1881 4.
281 1846 315 1879 Si
339 1856 390 1878 me
413 1847 474 1878 mei
501 1848 652 1879 creatoris

324 1894 488 1926 Abhorret
513 1895 674 1935 divinitas,

278 1941 404 1973 Fratris
428 1942 491 1973 mei
515 1942 683 1974 salvatoris

327 1988 399 2020 Non
425 1989 494 2020 odit,
518 1989 706 2028 humanitas,

280 2035 350 2067 Nec
373 2044 423 2066 me
446 2036 510 2067 mei
533 2036 746 2076 redemptoris

326 2083 462 2123 Negabit
487 2083 675 2123 benignitas,

225 2152 255 2183 5.
281 2150 405 2192 Memor
431 2152 509 2191 esto,
536 2150 620 2189 quod
647 2151 783 2183 creando

326 2198 383 2230 Me
406 2196 512 2240 fecisti
533 2196 634 2228 filium

281 2245 325 2277 Et
347 2248 379 2277 te
403 2245 481 2276 mihi
505 2245 566 2276 hoc
588 2245 727 2277 iuvando

330 2292 478 2325 Fratrem
502 2291 581 2324 facis
606 2293 782 2337 proprium,

281 2341 355 2372 Non
378 2349 428 2372 me
452 2341 570 2380 perdas
597 2340 835 2373 condemnando

331 2389 447 2425 Mortis
471 2391 546 2423 tuae
570 2388 719 2431 pretium.

916 909 946 941 6.
974 907 1055 946 Quia
1078 904 1166 946 flere,
1194 913 1274 945 quae
1298 901 1441 945 peccavi,

1021 955 1084 986 Per
1108 963 1159 986 me
1183 961 1247 984 non
1272 950 1410 992 sufficio,

973 1001 1168 1041 Indulgebit,
1194 999 1280 1040 quod
1307 999 1422 1041 erravi,

1021 1049 1127 1080 Patris
1152 1046 1324 1090 miseratio,

970 1096 1014 1129 Et
1039 1105 1116 1137 quas
1141 1104 1262 1135 poenas
1291 1093 1486 1133 comparavi,

1022 1144 1132 1177 Solvet
1156 1142 1267 1174 fratris
1292 1141 1412 1182 passio.

916 1222 947 1255 7.
972 1220 1071 1260 Apud
1095 1222 1221 1261 patrem
1245 1219 1318 1260 plus
1343 1219 1483 1249 meretur

1019 1268 1175 1299 Innocens
1195 1266 1329 1306 iustitia,

972 1315 1069 1355 Apud
1094 1318 1127 1346 te
1150 1323 1233 1358 nam,
1259 1316 1296 1345 ut
1320 1313 1458 1351 videtur,

1021 1363 1098 1395 Plus
1123 1365 1231 1403 potest
1254 1360 1461 1401 paenitentia,

975 1410 1058 1442 Nam
1084 1410 1168 1450 quod
1193 1419 1213 1442 a
1233 1412 1267 1441 te
1283 1409 1356 1449 plus
1373 1410 1504 1449 ametur,

1023 1458 1166 1490 Probant
1190 1456 1427 1497 subsequentia.

920 1535 951 1567 8.
977 1534 1148 1574 Nunquam
1171 1533 1288 1565 merita
1313 1534 1468 1565 iustorum

1025 1582 1211 1615 Sanctitatis
1245 1589 1344 1621 opere

976 1630 1022 1662 Et
1046 1638 1109 1661 non
1134 1638 1223 1661 amor
1248 1629 1436 1660 miserorum

1027 1677 1206 1717 Lugentum
1230 1677 1264 1708 in
1287 1684 1418 1709 carcere

980 1725 1027 1756 Te
1052 1725 1163 1768 coegit,
1191 1733 1249 1756 rex
1272 1724 1441 1762 caelorum,

1029 1772 1082 1804 Ad
1107 1775 1228 1804 terram
1256 1771 1461 1804 descendere.

923 1850 954 1882 9.
980 1849 1093 1881 Potest
1115 1849 1226 1880 insons
1251 1851 1285 1880 te
1310 1847 1462 1881 factorem

1029 1896 1137 1928 Altius
1161 1896 1334 1937 inspicere,

982 1943 1046 1975 Sed
1072 1946 1104 1974 te
1127 1952 1201 1975 reus
1226 1944 1463 1984 redemptorem

1028 1991 1107 2023 Plus
1132 1993 1240 2030 potest
1266 1992 1411 2034 diligere,

984 2037 1063 2070 Cum
1089 2039 1133 2069 sis
1157 2048 1256 2082 amor,
1284 2042 1458 2071 amatorem

1030 2085 1103 2117 Non
1127 2089 1219 2126 potes
1244 2087 1414 2127 repellere.

902 2153 956 2185 10.
983 2152 1067 2184 Nam
1091 2155 1124 2184 te
1147 2156 1231 2185 teste
1255 2157 1291 2186 tu
1317 2154 1439 2194 dixisti,

1031 2201 1108 2233 Non
1131 2201 1232 2233 iustos
1257 2202 1301 2234 ad
1323 2203 1451 2235 veniam

990 2248 1037 2281 Ut
1062 2257 1204 2290 vocares,
1230 2250 1401 2286 advenisti,

1035 2295 1100 2328 Sed
1119 2297 1162 2329 ad
1185 2297 1418 2337 paenitentiam

989 2343 1191 2385 Peccatores,
1218 2353 1296 2384 quos
1321 2346 1452 2378 traxisti

1038 2391 1103 2425 Per
1128 2392 1247 2426 amoris
1272 2393 1420 2435 gratiam.
