1651 2606
637 140 884 175 -100-

519 238 565 269 86.
597 236 639 267 De
658 231 899 266 Resurrectione
919 231 952 262 1).
973 229 1004 261 N.

127 311 158 343 1.
185 311 295 344 Gloria
322 309 389 351 tibi,
416 308 559 348 Domine,

183 358 242 399 Qui
266 358 420 389 matutino
447 359 587 396 tempore

181 405 319 439 Illuxisti
346 406 385 437 de
409 403 558 443 tenebris,

183 451 355 485 Surrexisti
379 461 398 483 a
421 450 562 483 mortuis.

127 511 158 542 2.
184 510 234 543 De
259 510 360 540 morte
383 507 486 541 factus
510 506 616 548 potior

181 557 318 590 Mortem
344 554 448 588 vicisti
471 552 594 596 fortior,

186 604 235 636 Tu
257 601 501 635 innumerabilia

184 649 341 690 Eripuisti
365 649 477 688 spolia.

128 709 159 740 3.
185 708 334 740 Remotus
360 705 443 737 ensis
467 703 629 737 flammeus

182 756 286 793 Atque
312 752 479 785 Cherubim
504 752 624 794 igneus,

183 802 243 833 Est
267 800 434 841 paradisus
459 799 605 832 redditus

185 850 234 882 Ac
259 847 348 887 regni
374 847 453 879 caeli
477 846 592 879 aditus.

127 907 159 938 4.
186 907 248 938 Per
273 907 305 936 te
329 907 439 938 nostra
462 903 638 936 mortalitas

188 949 262 997 [Est
287 951 372 984 facta
392 946 629 994 immortalitas]

180 999 242 1032 Est
268 1001 324 1030 tua
347 998 537 1031 resurrectio

183 1046 238 1079 Ad
261 1046 359 1078 vitam
383 1046 555 1086 reparatio.

801 303 832 336 5.
860 301 996 340 Christe,
1022 300 1110 332 cuius
1135 300 1325 340 perpetuum

857 350 919 382 Est
942 356 1073 388 regnum
1099 349 1131 378 et
1154 345 1332 386 imperium,

854 397 916 430 Tui
940 395 1097 435 triumphi
1121 394 1223 434 gloria

856 445 923 477 Fac
947 445 1058 475 nostra
1082 442 1125 474 sit
1146 440 1291 473 victoria.

801 503 832 534 6.
860 501 928 534 Nos
953 500 1081 533 rediens
1109 499 1149 530 de
1171 499 1295 530 tartaro

858 549 1008 589 Adiuuge
1032 556 1130 587 regno
1156 553 1285 585 supero,

860 597 898 629 In
923 599 977 627 tuo
1002 603 1130 635 semper
1155 593 1281 634 agmine

860 644 998 676 Nostrae
1022 642 1178 675 resultent
1202 640 1338 673 animae.

803 702 833 734 7.
860 699 1006 734 Concede
1030 699 1122 731 nobis
1146 706 1278 730 munere

861 747 1116 781 Resurrectionis
1141 748 1217 778 tuae

860 796 921 828 Per
947 794 1164 827 abundantem
1189 792 1325 834 gratiam

864 842 1024 876 Gaudium
1048 844 1080 873 et
1103 840 1268 873 laetitiam.

803 902 834 934 8.
862 900 973 933 Gloria
996 899 1067 937 tibi,
1097 898 1244 938 Domine,

864 948 923 987 Qui
949 946 1116 978 surrexisti
1144 954 1163 977 a
1187 944 1330 983 mortuiS,

864 995 941 1027 Cum
966 997 1060 1035 patre
1086 996 1118 1025 et
1142 996 1252 1025 sancto
1278 991 1395 1031 spiritu

864 1043 903 1075 In
928 1043 1123 1082 sempiterna
1147 1041 1284 1073 saecula.

191 1113 270 1141 Orat.
297 1120 349 1139 ms.
377 1111 523 1140 Caeciliae
544 1111 673 1147 Hughen
699 1111 769 1138 anni
795 1106 869 1137 1524
889 1117 963 1137 saec.
987 1105 1031 1136 15.
1064 1107 1133 1135 Cod.
1155 1105 1351 1143 Stuttgartien
1370 1104 1418 1141 (01.

118 1150 198 1178 Miss.
219 1148 420 1186 Hamburgen)
441 1148 456 1176 1
476 1150 495 1177 b
515 1148 561 1177 22.

528 1241 572 1272 87.
602 1238 645 1270 De
665 1237 904 1270 Resurrectione
924 1238 957 1269 I).
977 1237 1009 1269 N.

135 1312 165 1345 1.
191 1312 271 1344 Caro
295 1311 362 1343 vita
386 1308 499 1342 deifica

192 1358 378 1399 Triumphat
401 1357 435 1388 in
460 1358 603 1398 victoria,

239 1406 309 1438 Rex
332 1408 365 1437 et
388 1404 475 1436 Deus
499 1406 629 1437 deorum

194 1452 339 1485 Surrexit
361 1452 414 1484 hic
436 1451 470 1483 in
494 1452 606 1492 gloria,

192 1499 264 1531 Non
288 1499 374 1531 ultra
398 1497 463 1530 fert
486 1499 659 1540 opprobria

239 1547 288 1579 De
312 1546 407 1587 plebe
430 1545 659 1579 Hebraeorum.

194 1595 315 1627 Iniuste
339 1594 366 1625 is
390 1593 537 1636 plagatus
564 1596 612 1624 est

193 1642 238 1674 Et
260 1640 357 1682 impie
382 1641 547 1672 damnatus
573 1643 622 1671 est

241 1689 271 1720 A
294 1691 387 1728 gente
408 1687 610 1728 Iudaeorum,

196 1736 259 1768 Sed
283 1735 416 1776 belliger
439 1734 630 1768 fortissimus

197 1781 374 1815 Confractis
399 1782 508 1814 mortis
533 1782 653 1814 viribus

243 1829 283 1862 Se
307 1830 451 1862 reddidit
476 1829 634 1862 decorum.

810 1311 842 1341 2.
869 1309 973 1351 Salve,
999 1308 1138 1349 paschae
1159 1308 1352 1349 iucunditas,

866 1358 930 1389 Per
954 1359 987 1387 te
1010 1355 1048 1388 fit
1070 1356 1303 1398 immortalitas,

916 1404 965 1435 Tu
991 1403 1111 1435 cunctis
1139 1403 1195 1435 das
1220 1403 1384 1445 honorem,

868 1452 918 1483 Tu
942 1459 1065 1490 gemma
1091 1459 1124 1481 es
1151 1454 1181 1482 et
1208 1451 1349 1491 claritas,

869 1499 1039 1531 Festorum
1065 1506 1097 1529 es
1122 1496 1292 1538 festivitas,

915 1546 964 1577 Tu
988 1545 1091 1585 patris
1118 1545 1170 1576 hic
1194 1545 1367 1585 splendore

870 1594 1062 1626 Cunctorum
1088 1601 1121 1624 es
1144 1593 1278 1632 laetitia,

870 1640 1012 1672 Terrena
1038 1643 1069 1672 et
1101 1640 1252 1673 caelestia

919 1688 966 1719 Te
992 1688 1155 1719 celebrant
1178 1697 1297 1728 amore,

870 1735 1044 1768 Doctorum
1071 1736 1284 1776 eloquentiam

871 1783 920 1815 Tu
943 1783 1055 1823 vincis,
1081 1783 1270 1823 sapientiam

918 1830 1043 1862 Decore
1063 1830 1229 1870 ampliore.

198 1895 277 1923 Orat.
305 1894 452 1923 Caeciliae
477 1895 605 1931 Hughen
632 1897 702 1923 anni
729 1893 810 1922 1524.
841 1896 911 1924 Cod.
932 1895 1137 1932 Stuttgartien.
1157 1893 1206 1930 (ol.
1227 1896 1311 1923 Miss.
1331 1895 1424 1924 Ham-

123 1931 253 1970 burgen.)
274 1930 314 1960 lb
335 1931 380 1960 22.
400 1948 438 1953 -
459 1930 483 1966 1,
506 1932 540 1961 11
561 1933 706 1961 Effractis.

530 2024 578 2055 88.
610 2023 655 2055 De
675 2024 914 2057 Resurrectione
932 2025 965 2056 Ι).
980 2025 1011 2057 N.

138 2086 169 2118 1.
194 2086 303 2125 Imago
329 2085 405 2116 trini
429 2085 565 2117 numinis

240 2135 272 2163 et
296 2131 399 2164 forma
424 2132 591 2171 claritatis,

197 2180 257 2220 Qui
281 2180 424 2212 illustras
449 2180 622 2212 Ierusalem

244 2230 275 2259 ct
301 2227 427 2259 domum
453 2228 606 2269 caritatis,

195 2276 243 2308 Tu
268 2275 433 2315 plenitudo
460 2275 567 2315 gaudii

243 2323 418 2363 redemptis
443 2325 475 2354 et
499 2323 629 2364 vocatis,

196 2372 255 2411 Qui
282 2371 537 2411 contemplantur
560 2370 674 2403 laetius

239 2422 271 2451 te
293 2419 395 2451 Deum
420 2418 594 2451 maiestatis

814 2087 846 2119 2.
874 2088 953 2126 Ave,
986 2087 1066 2119 caeli
1090 2089 1254 2127 speculum

920 2137 952 2165 et
976 2134 1092 2167 donum
1116 2138 1328 2176 aeternorum,

874 2182 934 2221 Qui
960 2183 1062 2215 trahis
1086 2183 1120 2215 in
1144 2186 1177 2216 te
1203 2184 1331 2216 suavius

921 2233 1085 2271 aspectum
1113 2230 1291 2272 beatorum,

874 2278 923 2310 Tu
948 2277 1023 2310 olim
1048 2279 1226 2312 maculatus
1253 2288 1286 2311 es

922 2334 981 2365 per
1005 2330 1101 2368 sputa
1124 2327 1308 2370 impiorum,

872 2374 934 2406 Pro
958 2382 1020 2415 me,
1047 2375 1111 2416 pie,
1139 2383 1248 2408 caesus
1275 2384 1307 2407 es

924 2421 1039 2461 palmis
1064 2422 1274 2463 perditorum.
