1651 2606
658 104 917 141 --106-ᾖ

148 208 180 240 2.
207 205 286 245 Ave,
313 214 386 246 spes
411 203 563 245 fidelium,
829 202 862 233 4.
887 201 969 239 Ave,
996 207 1088 232 sacer
1111 199 1231 232 Christi
1257 198 1397 240 sanguis,

254 254 342 286 Fons
369 251 515 284 caelestis
540 250 634 286 roris,
890 248 959 280 lter
982 249 1105 280 rectum
1130 247 1225 279 malis
1248 247 1366 287 pandis

209 299 318 332 Crucis
343 309 402 340 per
426 297 618 340 supplicium
937 295 992 327 Ad
1017 296 1148 327 aeterna
1173 295 1299 338 gaudia,

254 347 390 388 Sparsus
419 345 538 378 mundo
564 343 653 382 foris,
890 342 971 381 Avo,
998 343 1092 383 potus
1119 342 1282 382 salutaris,

207 395 267 435 Sis,
293 396 376 435 Iesu,
402 391 597 433 praesidium
886 389 1056 430 Nunquam
1083 388 1146 420 fuit
1169 398 1229 421 nec
1255 392 1304 421 est
1329 389 1403 420 talis

252 442 353 473 Nobis
380 440 501 472 cunctis
526 438 625 470 horiS.
931 436 1091 469 Bonitatis
1117 437 1220 477 copia.

147 501 178 533 3.
205 500 286 539 Ave,
312 497 438 537 sanguis
464 494 643 538 salvatoris,
827 495 859 527 5.
885 494 1043 526 Miserere
1067 493 1157 535 mihi,
1186 493 1322 532 Christe,

206 545 260 579 Me
287 543 441 576 defendas
468 542 587 574 cunctis
612 541 700 573 horis
886 541 964 574 Fiat
986 540 1066 573 mihi
1092 541 1179 573 rivus
1203 541 1265 572 iste

250 592 302 624 Ab
327 592 417 623 hoste
442 588 575 629 nefario,
934 589 1142 621 Peccatorum
1168 589 1270 632 venia,

205 640 253 673 Ut
276 641 349 679 post
373 638 491 669 exitum
514 636 634 669 laboris
888 636 987 669 Serva
1011 645 1062 668 me
1086 636 1127 670 ab
1153 637 1238 668 omni
1263 636 1358 677 malo,

202 686 258 719 Me
281 687 392 726 iungas
418 686 600 716 sanctorum
626 684 732 718 choris
885 683 953 716 Fac
977 693 1028 716 me
1052 682 1115 715 frui
1141 693 1262 716 summo
1289 684 1371 716 bono

251 735 288 766 ln
312 736 365 764 tuo
387 735 519 765 rosario.
931 732 970 764 In
996 731 1126 764 caelesti
1150 732 1263 772 gloria.

140 2045 160 2076 2

139 2245 158 2276 3

208 809 287 837 Orat.
308 817 360 835 ms.
380 806 616 837 Underdorfense
636 815 711 835 saec.
735 804 778 835 15.
820 805 892 833 Clm.
912 807 1065 835 Monaeen.
1086 804 1171 834 7815.
1190 821 1229 825 —
1248 806 1275 841 5,
1290 806 1307 835 5
1327 806 1369 833 Et
1387 806 1442 833 fac.

575 937 621 968 95.
650 937 693 968 De
715 937 848 977 Corpore
869 936 995 969 Christi.

205 1020 283 1059 Ave,
310 1027 377 1059 rex,
404 1015 447 1061 [o]
473 1018 556 1049 bone
579 1019 663 1057 Iesu,
828 1018 861 1050 4.
886 1018 968 1060 Ave,
994 1018 1101 1049 lumen
1126 1018 1321 1057 angelorum,

204 1066 302 1100 Panis
327 1066 410 1105 vive,
437 1066 524 1097 cuius
551 1074 606 1096 esu
886 1065 973 1105 Vigil
996 1064 1106 1097 oculus
1132 1073 1308 1106 caecorum,

251 1113 307 1145 Fit
330 1113 488 1155 pinguior,
513 1111 552 1143 fit
575 1112 696 1152 gratior
932 1113 1072 1144 Insidias
1097 1113 1298 1153 praevideas,

247 1160 366 1192 Noster
390 1161 482 1192 homo
507 1159 652 1191 interior.
932 1160 983 1191 Ne
1007 1167 1058 1191 me
1082 1160 1215 1192 seducat
1241 1160 1387 1192 Satanas

203 1219 283 1258 Ave,
310 1217 416 1249 vinum
437 1224 533 1248 verae
558 1216 642 1255 vitis,
827 1217 857 1248 5.
884 1216 965 1256 Ave,
992 1216 1104 1248 mortis
1129 1216 1354 1257 triumphator,

203 1265 336 1304 Sanguis
363 1263 489 1306 Christi,
517 1263 610 1302 panis
634 1263 731 1303 mitis,
885 1264 1023 1304 Christe,
1050 1264 1192 1303 gentium
1217 1265 1368 1306 salvator,

247 1312 397 1344 Emunda
420 1321 488 1351 nos,
513 1309 651 1342 fecunda
675 1319 731 1342 nos
929 1311 981 1343 Da
1002 1310 1110 1353 fidem,
1138 1312 1180 1344 da
1202 1321 1292 1352 spem

251 1359 300 1391 De
325 1359 454 1391 Israelis
479 1357 631 1391 fontibus.
932 1358 1012 1391 Cum
1038 1359 1181 1401 caritate,
1208 1359 1255 1391 fili
1280 1359 1351 1392 Dei.

201 1418 282 1456 Ave,
307 1416 418 1448 mundi
442 1417 614 1455 recreator,
825 1417 856 1449 6.
881 1415 962 1456 Ave,
990 1417 1057 1448 vita
1080 1415 1257 1457 beatorum,

201 1464 331 1504 Terrae,
357 1464 454 1495 maris
480 1461 665 1502 fabricator,
882 1462 985 1494 Dulce
1006 1464 1184 1505 praemium
1208 1464 1364 1507 laborum,

250 1510 313 1543 Cor
336 1511 434 1542 labile
457 1509 510 1542 fao
534 1509 650 1541 stabile
930 1511 984 1543 Ad
1007 1511 1125 1551 gaudia
1145 1512 1277 1543 stabilia

246 1558 444 1590 Tentationis
469 1561 623 1596 tempore.
928 1558 1001 1590 Duc
1024 1566 1075 1590 me
1099 1562 1174 1598 post
1198 1560 1321 1592 exsilia.

206 1632 275 1661 Cod.
295 1632 458 1660 Londinen.
479 1631 609 1660 Aruudel
629 1630 694 1660 374.
718 1640 793 1660 saec.
814 1629 885 1660 ¹³l14.
906 1647 945 1652 —
964 1631 990 1668 5,
1012 1630 1030 1660 3
1050 1640 1093 1667 sq.
1114 1633 1298 1661 verdorben?

568 1763 614 1794 96.
643 1763 687 1794 De
709 1763 842 1804 Corpore
864 1762 989 1795 Christi.

163 1867 169 1874 .
198 1845 222 1876 O
251 1842 385 1884 Christe,
418 1844 491 1876 dum
516 1853 573 1875 nos
599 1844 703 1876 reficis
821 1845 854 1878 4.
881 1844 906 1877 Ο
932 1844 1027 1877 beata
1052 1843 1185 1877 refectio

193 1891 283 1923 Pane
307 1893 416 1923 sancto
441 1890 587 1934 filiorum,
882 1893 990 1932 Atque
1013 1892 1096 1923 mira
1122 1893 1261 1933 dilectio,

197 1939 247 1971 De
272 1938 373 1969 servis
395 1937 478 1970 filios
503 1937 594 1979 facis,
883 1939 967 1970 Dum
992 1948 1116 1979 pauper
1136 1948 1247 1972 servus
1264 1941 1436 1975 manducat

200 1986 277 2019 Cum
302 1994 416 2026 panem
443 1986 500 2018 das
526 1987 719 2026 angelorum.
881 1986 1052 2027 Christum,
1075 1987 1129 2027 qui
1146 1988 1179 2019 in
1197 1989 1295 2021 caelis
1312 1996 1435 2029 regnat.

165 2071 172 2077 .
201 2042 329 2075 Gratias
350 2042 410 2074 tibi
433 2042 578 2083 Domine,
823 2046 854 2077 5.
882 2043 1017 2086 Christe,
1044 2044 1098 2083 qui
1122 2054 1174 2077 me
1194 2045 1339 2079 refecisti

200 2090 259 2130 Qui
284 2092 338 2121 tuo
362 2099 452 2122 sacro
480 2099 612 2130 corpore
883 2091 978 2132 Pane,
1005 2100 1097 2132 quem
1121 2094 1200 2125 mihi
1226 2095 1358 2136 dedisti,

196 2138 242 2171 Et
270 2138 410 2178 pretioso
435 2138 588 2177 sanguine
880 2139 942 2171 Per
965 2143 1110 2183 mortem,
1143 2150 1237 2181 quam
1261 2143 1436 2185 pertulisti,

195 2184 251 2218 Me
275 2184 418 2217 refecisti
441 2185 547 2218 hodie.
881 2185 982 2218 Serva
1005 2196 1056 2219 me
1081 2197 1100 2219 a
1125 2192 1227 2223 morte
1252 2191 1349 2223 tristi.

163 2268 170 2275 .
198 2242 333 2275 Carnem
357 2245 443 2275 tuam
471 2243 549 2275 dans
574 2242 606 2273 in
633 2242 736 2274 cibum
820 2244 850 2277 6.
878 2243 1023 2286 Sanguis,
1049 2245 1102 2285 qui
1129 2246 1181 2278 die
1203 2247 1338 2279 Veneris

195 2291 302 2329 Atque
326 2291 509 2331 sanguinem
534 2290 567 2321 in
592 2294 710 2331 potum,
877 2290 1005 2324 Effusus
1029 2301 1062 2324 es
1088 2303 1147 2333 pro
1173 2295 1309 2334 miseris,

200 2337 243 2371 Ut
266 2336 414 2370 reficeres
439 2341 611 2379 aegrotum,
877 2339 986 2379 Ignem
1009 2341 1175 2381 exstingue
1200 2343 1346 2383 VeneriS‚

196 2386 242 2418 ΤΘ
265 2385 343 2417 mihi
369 2387 487 2419 dedisti
512 2388 623 2419 totum.
877 2386 927 2418 Ne
953 2387 1139 2421 damnemur
1165 2399 1234 2421 cum
1259 2391 1377 2432 impiis.
