1653 2608
744 45 1000 80 -210-

625 141 691 173 206.
721 138 767 171 Ad
786 137 911 169 beatam
928 132 1061 166 Mariam
1081 133 1118 165 V.

645 217 794 252 Oratio
829 212 1097 253 vespertina.

914 291 945 323 3.
972 289 1042 320 Pax
1064 288 1175 318 nostra
1198 283 1387 317 iudeficiens

971 335 1016 368 Et
1042 336 1147 366 custos
1176 340 1337 372 nunquam
1360 330 1529 372 dormienS,

972 383 1100 414 Virtute
1125 389 1183 412 nos
1207 379 1367 422 modifica,

973 429 1106 464 Custodi
1132 430 1165 460 et
1186 426 1332 467 pacifica.

913 500 946 532 4.
970 498 1040 530 Fac
1064 495 1157 528 nobis
1180 503 1262 528 novo
1288 495 1396 527 sidere

971 546 1011 578 ln
1034 545 1096 576 hac
1120 546 1214 575 nocte
1240 542 1385 576 diescere

973 593 1018 625 Et
1039 591 1097 624 sub
1120 594 1175 623 tua
1201 590 1347 624 custodia

974 639 1177 673 Dormiamus
1202 639 1235 671 in
1260 639 1365 680 gratia

235 297 266 330 1.
292 298 318 330 O
345 297 522 331 Salomonis
546 294 712 333 ferculum,

287 345 397 384 Amor,
426 344 600 383 amplexuS‚
628 340 780 377 osculum,

288 391 405 424 Lectus
435 390 568 421 vallatus
594 387 671 419 liliis

288 437 568 477 Lampadibusque
591 434 706 472 aureis,

231 506 263 538 2.
289 503 340 536 Da
364 502 455 534 nobis
479 502 596 533 lectum
622 500 771 537 nobilem,

287 550 324 582 Id
351 551 402 581 est
425 557 566 581 amorem
589 547 753 587 humilem,

286 598 324 630 ln
355 605 416 636 quo
443 596 554 627 dilecti
578 595 729 627 suavibus

286 643 512 684 Astringamur
537 642 745 683 amplexibus.

292 719 372 748 Orat.
391 728 445 747 ms.
465 720 647 755 Tegurinum
667 720 738 747 anni
760 716 842 746 1466.
884 717 958 745 Glm.
978 717 1133 745 Monacen.
1156 713 1191 744 19
1199 713 1263 743 991.

543 840 609 871 207.
643 840 689 872 Aa
709 839 796 872 BMV.
818 839 957 879 tempore
978 837 1192 880 pestilentiae.

914 921 946 953 4.
973 921 1049 959 Ipsa
1075 919 1163 960 virgo
1189 926 1273 950 nunc
1298 920 1478 958 compescat

1019 967 1218 999 Daemonum
1240 965 1385 1009 insidias,

974 1015 1020 1048 Ut
1045 1015 1077 1046 in
1103 1013 1195 1046 nobis
1220 1022 1305 1045 nunc
1330 1013 1468 1045 virescat

1019 1062 1106 1094 Laus
1131 1064 1164 1093 et
1187 1061 1289 1093 omnis
1314 1062 1452 1095 bonitas

230 922 262 955 1.
289 921 391 954 Stella
418 921 498 952 caeli
523 920 723 960 exstirpavit,

336 969 424 1007 Quae
448 968 580 999 lactavit
604 968 786 1007 Dominum,

289 1014 406 1048 Mortis
423 1017 557 1057 pestem,
576 1023 668 1054 quam
687 1014 845 1055 plantavit

334 1062 461 1095 Primus
485 1071 603 1102 parens
627 1062 797 1095 hominum.

231 1131 262 1161 2.
289 1130 367 1170 Ipsa
391 1129 487 1161 stella
511 1137 596 1161 nune
621 1129 769 1168 dignetur
918 1131 949 1164 5.
974 1129 1083 1161 Mater
1104 1129 1168 1161 Dei
1192 1129 1309 1161 amicta
1332 1129 1411 1168 sole,

338 1175 453 1208 Sidera
479 1185 691 1216 compescere,

292 1224 429 1263 Quorum
454 1222 540 1255 bella
563 1224 689 1265 plebem
708 1223 844 1256 caedunt

336 1270 415 1302 Diro
439 1271 552 1303 mortis
577 1271 694 1303 ulcere.

232 1338 263 1369 3.
292 1336 391 1376 Virga
417 1337 502 1368 lesse
526 1337 715 1376 germinavit

334 1382 464 1415 Florem
488 1384 556 1415 veri
580 1383 718 1424 luminis,

290 1430 387 1468 Quem
412 1430 547 1470 benigne
573 1439 626 1461 ros
652 1431 767 1470 rigavit

339 1475 541 1515 Septiformis
565 1477 706 1515 spiritus.

1021 1178 1114 1209 Luna
1137 1177 1201 1209 ‘tuis
1227 1176 1364 1216 pedibus

973 1224 1099 1263 Subest,
1126 1234 1210 1256 nunc
1235 1234 1254 1256 a
1280 1224 1381 1256 cladis
1406 1223 1490 1256 mole

1021 1271 1122 1303 Serva
1145 1281 1202 1304 nos
1229 1272 1263 1303 in
1288 1272 1432 1304 aedibus,

915 1338 946 1370 6.
972 1337 1050 1376 Ipsa
1073 1341 1177 1369 mater
1203 1338 1395 1377 deprecetur

1018 1383 1136 1415 Filium
1159 1385 1348 1424 piissimum,

971 1431 1016 1463 Ut
1040 1432 1183 1462 viventes
1207 1431 1291 1463 hunc
1315 1432 1495 1472 laudemuS,

1019 1478 1147 1510 Patrem
1173 1482 1206 1510 et
1227 1479 1430 1519 paraclitum.

296 1551 375 1579 Orat.
407 1559 460 1579 ms.
486 1552 598 1579 Domus
625 1552 728 1579 Novae
754 1552 843 1580 Lucis
875 1554 944 1580 anni
972 1551 1053 1581 1477.
1100 1553 1167 1582 Cod.
1195 1554 1381 1583 Ultraiectin.
1408 1553 1527 1591 Scriptt.

218 1588 299 1615 Eccl.
325 1585 389 1616 375.
415 1604 445 1608 -—
470 1589 590 1616 Diesem
610 1589 702 1617 Liede
725 1589 820 1625 gehen
845 1591 876 1617 in
896 1590 946 1618 der
968 1591 1021 1619 Hs.
1043 1593 1139 1628 einige
1160 1593 1290 1621 offenbar
1308 1593 1391 1620 nicht
1411 1593 1530 1622 hierher

217 1625 357 1662 gehiirige
377 1626 522 1663 Strophen
541 1635 665 1655 voraus:

295 1672 390 1706 Salve,
412 1677 514 1701 saneta
533 1674 680 1702 luminosa

296 1710 390 1738 Stella
410 1712 492 1745 caeli,
513 1712 619 1739 rubens
640 1721 708 1740 rosa

329 1748 453 1777 Formae
472 1750 598 1781 deitatis,

295 1786 375 1820 Quae
395 1796 447 1822 per
466 1796 562 1824 regem
583 1786 767 1816 Salomonem

294 1824 532 1860 Praerogativam
550 1827 693 1853 rationem

331 1863 425 1890 Tenes
445 1864 477 1890 in
496 1864 598 1891 beatis.

294 1938 339 1965 Ad
360 1946 414 1966 nos
433 1937 561 1973 veni(re),
583 1948 714 1976 propera,

294 1977 403 2004 Nostra
422 1985 505 2013 regas
527 1985 623 2013 opera,

294 2015 339 2042 Ne
358 2023 436 2042 mors
456 2016 612 2043 subitanea

292 2053 354 2080 Nos
374 2053 497 2081 invadat
508 2053 556 2080 vel
577 2061 612 2081 ea

291 2091 455 2126 Improvise
474 2092 582 2127 irruat3

971 1677 1037 1705 Tua
1055 1679 1149 1706 virtus
1170 1678 1313 1715 suppleat⁷

974 1715 1057 1749 Quod
1077 1717 1109 1743 in
1129 1716 1215 1744 nobis
1237 1715 1336 1744 deficit

971 1753 1013 1780 Et
1031 1762 1145 1781 veneno
1166 1754 1262 1781 inficit

971 1792 1096 1820 Animae
1116 1792 1295 1827 subiectum3

971 1830 1017 1857 Tu
1037 1830 1076 1858 da
1093 1829 1182 1858 finem
1202 1833 1322 1865 rectum,

974 1867 1126 1901 Quomodo
1146 1870 1316 1903 vixerimus,

972 1906 1059 1933 Licet
1077 1907 1303 1943 peccaverimus,

973 1944 1016 1971 Ut
1035 1952 1100 1971 cum
1120 1946 1171 1971 tuo
1191 1944 1262 1979 filio,

972 1982 1046 2009 Tam
1067 1982 1211 2016 clementi,
1232 1985 1292 2011 tam
1312 1986 1361 2020 pio

972 2019 1131 2048 Valeamus
1151 2022 1253 2050 miseri

971 2058 1033 2085 Nos
1057 2059 1100 2086 sic
1119 2061 1188 2086 tuae
1207 2059 1271 2087 fieri

974 2095 1093 2124 Gloriae
1113 2100 1271 2126 consortes.

292 2138 348 2166 Str.
371 2137 384 2165 1
406 2139 466 2167 und
486 2137 504 2166 2
524 2139 618 2167 dieses
632 2140 737 2168 Liedes
763 2149 862 2169 waren
874 2143 918 2170 als
933 2143 1085 2179 Antiphon
1096 2145 1129 2172 in
1141 2145 1344 2182 liturgiseliem
1359 2148 1525 2182 Gebrauch,

217 2177 264 2204 die
291 2176 401 2204 andern
427 2177 493 2205 sind
519 2178 634 2213 spiitere
659 2177 867 2216 Erweiterung.

907 2180 972 2208 Von
1001 2185 1129 2210 ersteren
1155 2186 1242 2212 weiss
1267 2185 1320 2213 clas
1343 2186 1527 2214 Breviarium

215 2215 394 2250 Romanum,
424 2214 624 2251 Antwerpiae,
654 2216 703 2243 Ex
731 2216 1018 2255 Architypographia
1046 2220 1240 2250 Plautiniana
1265 2223 1526 2254 MDCOXXXHH

214 2253 348 2290 folgende
373 2253 509 2290 Legende
537 2263 590 2289 „ex
615 2254 768 2283 Chronicis
794 2255 911 2285 Ordinis
939 2257 1091 2295 Seraphiei
1111 2260 1245 2288 Fratrum
1265 2261 1429 2295 Minorum,
1457 2271 1526 2291 con-

216 2291 332 2326 scriptis
353 2300 405 2327 per
421 2293 454 2319 R.
469 2292 502 2319 P.
519 2292 707 2320 Franciscum
722 2293 899 2330 Gomagam,
922 2296 1052 2325 eiusdem
1072 2298 1183 2326 ordinis
1197 2299 1379 2333 Generalern,
1401 2300 1481 2329 Part.
1496 2300 1523 2337 3,

216 2329 252 2357 de
270 2329 428 2358 Provincia
447 2330 647 2367 Portugalliae
665 2331 793 2360 Monast.
814 2330 913 2361 VIH.“
936 2343 974 2362 zu
991 2335 1159 2364 beriehten:
