1651 2606
725 75 979 110 -127—

597 177 628 209 7.
655 173 777 207 Norma
800 183 930 218 morum,
958 183 976 206 o
1001 172 1116 214 Maria,

656 222 736 264 Spes
759 222 933 263 lapsorum,
959 222 1045 254 vitae
1068 221 1130 262 via,

655 270 753 303 Placa
776 270 880 302 Deum
904 278 1001 310 prece
1024 269 1079 310 pia

701 318 803 352 Nobis
827 317 1068 358 peecatoribu83

654 368 717 400 Per
741 366 940 398 nativitatem
965 368 1051 398 tuam

654 415 748 447 Dona
771 412 863 446 nobis
890 414 1072 446 continuam

655 461 828 496 Caritatem
854 464 887 493 et
909 464 1049 494 mutuam

700 510 815 542 Pacem
842 512 873 541 te
896 508 1110 542 laudantibus.

276 574 356 603 Orat.
387 583 440 602 ms.
468 576 580 603 Domus
608 575 712 604 Novae
733 575 824 603 Lucis
855 576 926 604 anni
957 572 1039 602 1477.
1078 574 1147 602 Cod.
1174 573 1358 603 Ultraiectin.
1386 573 1504 610 Scriptis.

196 612 278 641 Eccl.
304 610 369 642 375.
396 628 435 634 -—-
459 611 485 647 2,
510 611 524 640 1
554 614 578 642 O
604 613 720 642 nebula.
747 627 784 633 -
808 612 834 647 5,
855 611 873 643 3
898 613 972 641 fehlt
992 614 1057 641 eine
1077 613 1172 648 Silbe3
1194 613 1263 641 lies:
1305 613 1421 649 Quique
1445 612 1504 640 Da-

199 650 271 679 vid?
290 665 328 670 ——
348 650 374 684 7,
396 648 413 679 6
432 652 481 680 Da
500 652 595 680 nobis.
615 667 655 672 -—
674 652 835 680 Viclleieht
853 651 994 689 SequenZ.

635 772 690 806 121.
731 773 776 805 De
794 773 969 806 Nativitate
989 772 1076 805 BMV.

211 846 241 880 1.
268 845 417 877 Thronus
441 853 582 877 summae
608 845 794 877 elementiae

269 893 453 934 Domusque
477 893 653 933 sapientiae

317 940 522 982 Fabrieatur,

272 988 351 1022 Cum
372 988 490 1021 mundo
517 997 571 1021 vas
596 987 773 1020 munditiae

271 1037 378 1069 Mater
404 1035 645 1068 misericordiae

318 1085 529 1124 Propagatur.

211 1145 243 1175 2.
268 1141 473 1175 Promittitur
498 1142 636 1182 oraculo,

271 1190 459 1231 Concipitur
483 1189 638 1222 miraculo

316 1238 415 1279 Virgo
442 1237 506 1278 pia,

270 1286 387 1319 Partus
411 1285 590 1327 praesentis
615 1285 743 1317 luminis

268 1335 387 1368 Matris
411 1335 536 1366 iactura
561 1333 679 1365 veteris

315 1383 353 1415 In
378 1382 494 1415 Maria.

896 848 927 879 3.
954 845 1070 878 Matris
1093 844 1217 877 iactura
1242 843 1359 876 veteris

956 893 1073 933 Vigore
1093 892 1168 925 novi
1192 890 1333 924 foederis

1000 940 1212 979 Instauratur,

955 988 1033 1022 Cum
1057 989 1151 1027 porta
1175 986 1267 1018 nobis
1292 987 1431 1019 aetheris

951 1035 1121 1068 Nascentis
1145 1035 1216 1067 luce
1241 1034 1355 1066 sideris

1001 1083 1187 1116 Reseratur.

895 1143 927 1174 4.
953 1141 1055 1174 Beata
1078 1139 1171 1172 nobis
1196 1140 1321 1180 gaudia,

953 1190 1018 1222 Per
1040 1188 1143 1229 ipsius
1167 1187 1318 1228 suffragia

1002 1236 1183 1277 Largiatur‚

954 1286 1020 1325 Quo
1045 1292 1130 1316 nunc
1156 1286 1258 1315 mater
1281 1283 1315 1315 in
1340 1283 1442 1323 gloria

954 1333 1060 1372 Supra
1084 1335 1267 1364 cunctorum
1293 1330 1436 1372 praemia

1005 1380 1193 1413 Coronatur.

275 1447 346 1476 Cim.
370 1448 523 1476 Monacen,
550 1446 598 1482 (01.
624 1445 849 1483 Emmeramen.)
886 1443 992 1475 1434‘0.
1024 1446 1094 1473 anni
1121 1442 1203 1473 1351.
1232 1458 1266 1463 -—
1297 1441 1321 1479 2,
1342 1442 1362 1471 4
1386 1443 1508 1471 Portum

196 1487 369 1524 praesentis.
391 1500 429 1505 —-
454 1484 479 1519 2,
502 1485 520 1514 5
539 1485 588 1522 (=
607 1483 633 1520 3,
658 1483 684 1520 1)
703 1486 819 1514 seheint
842 1485 979 1513 verderbt
999 1493 1036 1512 zu
1056 1485 1128 1512 sein.

631 1597 693 1628 122.
727 1598 770 1628 De
788 1597 964 1629 Nativitate
983 1596 1071 1629 BMV.

214 1670 244 1703 1.
270 1670 351 1709 Ave,
379 1669 479 1709 virgo,
506 1677 633 1709 sponsa,
659 1672 745 1710 nata,

269 1717 376 1750 Mater
402 1716 522 1750 Christi
547 1716 730 1759 sublimata,

268 1765 320 1798 Ab
347 1767 477 1797 aeterno
502 1764 661 1806 ordinata,

268 1813 321 1846 Ab
348 1814 479 1854 antiquo
504 1812 706 1856 prophetata,

318 1862 381 1894 Dei
405 1862 537 1902 placens
564 1861 673 1895 oeulis.

234 1957 241 1964 .
269 1931 351 1974 Ave,
378 1938 452 1962 rosa
477 1928 625 1971 defleam,

270 1979 357 2018 Quae
383 1978 423 2011 de
448 1978 547 2010 ramis
573 1986 684 2019 regum
708 1982 785 2010 nata

269 2027 315 2059 Es
340 2030 429 2058 trans
456 2026 561 2058 caelos
588 2026 730 2059 exaltata

267 2075 314 2107 Et
336 2083 396 2115 per
420 2074 573 2106 mundum
601 2073 745 2115 dilatata,

317 2122 368 2155 Sis
393 2122 486 2155 nobis
508 2122 738 2155 umbraculum.

236 2218 243 2225 .
271 2193 354 2232 Ave,
380 2190 503 2224 caelum
530 2189 670 2228 deitatis,

267 2239 443 2273 Paradisus
467 2238 653 2278 voluptatis,

266 2288 351 2321 Aula
377 2295 520 2321 summae
543 2286 732 2330 maiestatis,

265 2337 434 2379 Templum
461 2337 593 2368 sanctae
616 2334 783 2375 trinitatis,

315 2385 437 2419 Christi
461 2383 716 2419 tabernaculum,

898 1670 930 1704 4.
958 1668 1063 1709 Salve,
1089 1671 1193 1700 mater
1218 1666 1396 1706 benedicta,

955 1718 994 1750 In
1020 1726 1082 1758 qua
1105 1717 1194 1748 nulla
1218 1717 1293 1747 sunt
1319 1714 1446 1754 delicta,

955 1766 1044 1798 Evae
1068 1766 1141 1805 iugo
1166 1773 1228 1796 non
1249 1763 1382 1796 astricta

956 1813 1025 1845 Nec
1048 1813 1081 1845 in
1107 1815 1202 1853 partu
1228 1820 1260 1843 es
1285 1810 1425 1850 adflicta,

1004 1862 1068 1895 Sed
1094 1861 1187 1893 enixa
1211 1860 1359 1893 iubilans.

921 1954 928 1962 .
955 1929 1061 1972 Salve,
1087 1926 1217 1961 humiiis
1244 1927 1362 1959 anciila

955 1977 1017 2009 Dei
1042 1977 1120 2017 veri,
1149 1985 1251 2017 quem,
1278 1974 1405 2019 pusilla,

955 2026 1026 2058 Tua
1050 2025 1150 2058 lactas
1175 2033 1214 2056 ex
1239 2023 1390 2062 mamilla,

955 2073 1044 2107 Luce
1068 2072 1132 2106 frui
1158 2072 1211 2105 fac
1236 2081 1293 2104 nos
1317 2071 1384 2109 ina,

1004 2123 1043 2155 In
1069 2131 1130 2163 qua
1155 2120 1258 2162 fulges
1283 2119 1429 2151 rutilans.

924 2217 931 2225 .
958 2190 1064 2230 Salve,
1091 2188 1175 2222 Saba
1199 2196 1361 2231 generosa,

960 2239 984 2272 O
1011 2238 1122 2278 regina
1146 2238 1296 2278 gloriosa,

957 2286 1050 2319 Dona
1072 2287 1158 2327 regis
1183 2284 1325 2327 pretiosa

956 2335 1129 2375 impertire
1154 2333 1294 2375 gratiosa

1006 2383 1108 2417 Nobis
1129 2383 1164 2415 in
1188 2380 1311 2413 exsilio.
