1651 2606
204 208 257 243 13.

207 455 260 488 14.

200 953 256 987 18.

200 1179 255 1213 19.

197 1397 251 1430 20.

197 1699 254 1733 24.

198 1993 254 2026 25.

198 2289 252 2322 26.

727 101 965 144 -42-..

284 208 366 241 Nam
398 208 427 240 si
451 217 561 241 sanum
583 217 634 240 me
658 207 813 248 viderent,

284 257 343 289 Isti
367 256 435 297 lupi
460 265 524 287 non
550 258 711 296 nocerent,

284 304 426 345 Nempe,
460 303 604 343 quamvis
630 303 815 334 circumsta-

586 352 667 390 rent,

286 398 360 430 Non
383 406 435 429 me
458 400 564 429 tamen
586 397 755 429 laniarent.

288 455 370 486 Dum
394 462 445 485 me
470 454 581 485 vident
604 454 790 493 ulceratum,

283 502 319 533 In
346 510 396 532 me
421 501 567 541 pandunt
590 509 664 532 mox
682 499 813 541 hiatum,

283 549 382 581 'sotus
408 548 491 579 enim
512 547 685 585 ulcerosus,

282 595 391 635 Miser,
419 593 541 626 foetens
568 597 600 625 et
623 595 779 634 leprosus,

890 205 943 239 15.
971 206 1040 238 Nec
1063 213 1114 236 me
1137 213 1265 245 possum
1291 204 1362 245 ipse
1387 200 1483 244 ferre,

967 253 1078 285 Robur
1101 251 1193 292 fugit,
1221 253 1301 285 cubo
1326 254 1443 294 terrae,

967 300 1056 332 Mole
1071 308 1202 340 pressus
1218 308 1288 331 sum
1304 299 1496 342 morborum,

967 347 1100 380 Morbos
1126 347 1198 379 dico
1221 348 1383 380 vitiorum.

886 452 941 485 16.
966 452 1049 493 Ach,
1074 451 1165 483 letali
1190 459 1308 491 coquor
1332 450 1426 491 febri,

967 501 1083 533 Pectus
1107 501 1206 531 urunt
1228 502 1334 531 aestus
1362 499 1476 539 crebri,

967 548 1085 579 Aestus
1110 548 1185 578 sunt
1208 545 1373 579 libidinosi

966 594 1076 627 Morbi
1100 594 1215 626 mentis
1240 594 1358 627 vitiosi.

528 650 582 684 17.
609 651 709 683 Actus
735 650 798 682 mei
822 650 901 682 mihi
925 652 1068 693 sordent,

607 697 716 730 Motus
741 700 851 737 turpes
877 702 1014 731 mentem
1039 698 1197 736 mordent,

610 745 673 778 Sed
700 745 777 785 quid
803 745 906 778 dicam
931 755 1034 778 meam
1058 746 1156 778 vitam

610 792 743 833 Semper
766 792 859 825 malis

819 888 863 921 II.

281 954 363 994 Heu,
390 952 551 986 foedatam
575 963 614 986 ac
637 954 794 995 nigratam

328 1001 406 1033 Tuis
430 999 603 1045 beneficiis,

280 1048 327 1080 Te
352 1050 563 1091 spernentem,
590 1050 797 1081 lacessentem

328 1095 441 1127 Multis
467 1098 499 1127 te
522 1097 683 1136 nequitiis

282 1180 360 1213 Cum
384 1189 435 1212 me
459 1183 570 1220 partus
595 1180 695 1219 fudit,
722 1183 810 1213 artus

328 1227 378 1260 De
401 1230 545 1259 materno
570 1228 692 1261 viscere

278 1275 442 1307 Involutos
467 1283 506 1307 ac
530 1276 669 1314 pollutos

325 1322 423 1354 Traxi
447 1322 550 1362 primo
575 1323 706 1356 scelere.

279 1397 342 1429 Sed
366 1406 417 1428 me
440 1398 520 1430 lavit
545 1402 578 1430 et
600 1398 771 1432 mundavit

324 1444 386 1476 Tui
410 1443 508 1476 fontis
534 1447 647 1486 gratia,

277 1491 397 1523 Labem
421 1493 523 1533 tersit,
554 1503 616 1533 qua
631 1501 683 1525 me
699 1493 812 1525 mersit

328 1539 493 1579 Serpentis
523 1538 664 1574 fallacia.

809 1637 871 1671 ΙΙΙ.

278 1700 388 1732 Annos
412 1700 534 1732 intrans
559 1703 698 1743 pueriles

278 1747 380 1779 Actus
404 1756 520 1787 parvos
546 1752 578 1781 et
603 1750 701 1782 exiles

328 1794 441 1826 Dicavi
462 1795 630 1839 nequitiae,

280 1841 370 1880 Quod
394 1841 570 1883 honestum,
596 1844 658 1876 hoc
683 1845 808 1886 devovi,

282 1888 442 1928 Quidquid
462 1890 586 1931 decens,
612 1892 673 1923 hoc
689 1893 811 1925 removi

330 1936 466 1968 Deditus
491 1937 654 1971 stultitiae.

279 1992 352 2024 Non
384 2002 453 2024 sum
477 1996 600 2033 patrem
630 1999 806 2041 veneratus,

279 2040 386 2072 Verba
410 2041 521 2072 matris
549 2043 736 2084 dedignatus

325 2086 413 2130 Feci,
440 2089 524 2128 quod
549 2098 612 2122 non
640 2091 744 2132 debui,

279 2134 393 2175 Sprevi
418 2135 515 2167 miser
541 2139 736 2179 coaequales,

279 2182 382 2222 Saepe
404 2183 484 2215 laesi
509 2186 708 2227 consodales,

328 2230 382 2264 Sic
407 2233 528 2263 sontem
553 2241 604 2264 me
628 2234 772 2273 praebui.

281 2287 339 2327 Qui
368 2287 448 2320 levis
475 2290 507 2320 et
531 2288 712 2332 dissolutus,

275 2335 371 2368 Hunc
382 2336 558 2378 amplexus,
572 2338 656 2370 hunc
669 2342 806 2380 secutuS,

323 2384 409 2416 Huic
430 2384 533 2417 libens
557 2394 608 2418 me
632 2387 763 2427 tradidi,

882 793 1041 826 irretitam
1050 792 1066 824 ἱ)

882 956 937 990 21.
964 955 1036 987 Hoc
1058 955 1191 996 indigno
1216 957 1252 987 tu
1275 956 1310 987 in
1334 955 1421 996 ligno

1011 1003 1124 1036 Crucis
1150 1001 1288 1043 confers,
1315 1002 1461 1044 Domine,

962 1050 1047 1082 Dum
1060 1059 1119 1091 per
1133 1052 1253 1083 sortem
1262 1053 1403 1083 nostram
1412 1059 1496 1081 mor-

1266 1100 1331 1130 tem

1010 1145 1134 1178 Pateris
1159 1154 1219 1185 pro
1245 1146 1382 1178 homine.

962 1202 1098 1234 Pietatis
1122 1202 1216 1233 huius
1241 1203 1342 1243 gratis

1009 1250 1040 1282 A
1064 1252 1098 1281 te
1122 1249 1201 1281 mihi
1223 1251 1402 1290 praebitae,

961 1297 1006 1329 Ni
1029 1306 1098 1329 sum
1123 1306 1224 1330 vanus
1250 1301 1281 1330 et
1306 1298 1445 1342 insanuS,

1009 1344 1136 1377 Memor
1162 1353 1249 1377 eram
1274 1346 1392 1378 debite.

964 1401 1027 1433 Ast
1051 1401 1169 1433 oblitus
1194 1402 1242 1433 tui
1264 1403 1341 1435 litus

1008 1449 1091 1490 Fugi
1116 1458 1212 1482 verae
1236 1451 1373 1492 patriae,

962 1496 1091 1529 Intrans
1118 1495 1233 1529 fluctus
1258 1499 1357 1531 maris
1384 1499 1497 1531 ductus

1011 1543 1160 1577 Flatibus
1183 1545 1338 1580 insaniae.

880 1202 936 1235 22.

881 1401 937 1434 23.

966 1706 1026 1745 Qui
1050 1707 1151 1739 traxit
1175 1708 1219 1740 ad
1244 1708 1402 1741 vanitates

962 1753 1007 1786 Et
1031 1755 1085 1794 qui
1110 1755 1212 1787 suasit
1237 1755 1396 1797 levitates,

1009 1802 1095 1834 Huic
1118 1811 1169 1834 me
1193 1805 1295 1836 totum
1321 1804 1443 1838 dedidi.

962 1859 1147 1898 Apernatus
1173 1862 1362 1894 monitorem

962 1906 1035 1938 Non
1060 1909 1187 1939 secutus
1212 1917 1282 1941 sum
1309 1910 1481 1953 doctorem,

1008 1954 1205 1994 Disciplinas
1231 1958 1351 2000 respui,

960 2000 1107 2042 Demum,
1127 2003 1283 2043 quidquid
1296 2015 1348 2038 me
1359 2006 1495 2045 iuvaret,

962 2048 1123 2089 Quidquid
1149 2060 1253 2084 mores
1278 2053 1480 2092 informaret,

879 1858 934 1891 27.

1009 2097 1073 2129 Ore
1099 2099 1205 2130 cordis
1232 2102 1354 2141 exspui.

929 2181 936 2188 .
963 2153 1016 2186 Sic
1033 2154 1065 2185 in
1078 2164 1244 2199 praecePS,
1263 2159 1336 2200 heu,
1354 2159 1494 2203 ruebam,

963 2200 1084 2234 Callem
1108 2203 1195 2236 vitae
1223 2207 1465 2240 contemnebam

1009 2249 1125 2283 Mortis
1151 2252 1214 2284 iter
1238 2255 1379 2295 rapiens,

959 2296 1495 2343 Nunquammentemadplicabam,

962 2344 1130 2386 Vestigare
1152 2357 1217 2380 non
1243 2351 1404 2397 curabam,

1008 2393 1091 2433 Quid
1117 2399 1238 2429 amaret
1264 2400 1405 2439 sapiens,
