1653 2608
739 114 971 149 ...16-

280 210 360 239 Orat.
392 219 445 238 ms.
472 210 501 238 S.
529 210 645 238 Scrvuli
669 211 857 239 Venetiarum
886 217 961 236 saec.
990 207 1033 237 15.
1073 208 1143 237 Cod.
1172 209 1307 237 Marcian
1332 208 1359 237 L
1384 209 1431 237 ΙΠ
1457 206 1503 237 32.

202 246 245 283 24,
269 246 287 274 2
313 249 355 276 Et
372 249 513 277 laudetur.
535 263 570 267 —-
597 248 658 277 Aus
686 249 737 276 der
762 247 896 284 gleiehen
916 246 1020 280 Quelle
1047 247 1093 274 bei
1119 247 1264 280 Huemer,
1293 247 1410 275 Unters.
1431 247 1504 274 iiber

203 286 230 313 d.
251 286 346 315 altest.
366 287 542 314 lat.-christl.
562 285 736 323 Rhythmcn‚
758 286 787 314 S.
808 284 851 320 75,
873 286 958 312 unter
978 284 1043 313 dem
1062 284 1141 312 Titel
1162 285 1226 321 „De
1245 293 1268 312 s.
1288 282 1450 313 trinitate.“

658 397 699 429 10.
739 395 785 427 Ad
804 396 898 427 Deum
920 394 1037 427 Oratio.

217 466 247 498 1.
275 463 385 499 Gratia
407 467 531 499 excelsa
555 466 622 506 regi
915 467 947 498 6.
971 462 1085 500 Almus
1110 465 1167 497 ille
1191 465 1374 505 speculator

322 512 494 545 referamus
520 514 649 554 pariter,
1019 513 1170 545 sacerdos
1193 513 1227 544 in
1251 514 1370 552 populo

274 559 332 598 Qui
356 570 412 592 nos
437 561 470 591 in
494 569 586 591 unum
606 560 816 603 congregavit,
971 560 1103 601 Semper
1125 562 1210 592 astat
1226 568 1323 600 super
1339 569 1477 602 gregem,

318 610 351 639 te
371 608 545 647 laudam-23,
572 607 716 650 Domine,
1016 610 1138 649 pugnat
1162 610 1272 639 contra
1295 608 1423 649 impios,

273 653 318 686 Ut
341 655 496 694 possimus
519 654 661 686 invenire
970 655 1017 688 Ut
1039 664 1099 687 nec
1123 664 1218 687 unam
1243 655 1346 695 possit
1369 664 1460 688 ovem

319 702 458 741 requiem
481 702 516 732 in
540 702 709 736 saeculum.
1015 711 1131 744 rapere
1157 703 1197 735 de
1226 702 1384 743 gregibus.

215 759 245 789 2·
272 755 351 790 Alta
375 758 451 790 sede
474 758 669 798 P⁰St¹²lem¹¹⁵
913 780 945 812 7.
971 776 1089 813 Libare
1106 779 1176 811 Deo
1201 780 1386 812 studeamus

318 814 437 837 summo
459 805 520 838 Dei
544 804 621 846 filio,

270 851 316 883 Ut
339 862 429 884 suum
453 853 579 884 mittere
605 853 751 894 dignetur

319 900 462 939 angelum
487 900 689 940 perspicuum

273 946 326 979 Ad
335 948 587 987 expugnandum,
596 949 817 986 expellendum

317 994 437 1025 hostem
463 994 722 1034 antiquissimum.

217 1049 248 1081 3.
274 1045 408 1083 Invidus
433 1051 489 1083 ille
512 1053 694 1093 temptator,

319 1096 418 1129 fallax
442 1100 536 1137 atque
559 1098 714 1140 perditus,

272 1143 403 1184 Semper
429 1145 516 1185 cupit
540 1145 724 1179 discordare

318 1192 544 1224 concordantes
569 1191 733 1236 fratribus,

272 1237 317 1270 Ut
340 1239 443 1278 possit
466 1240 599 1279 gratiam
624 1243 738 1274 mereri

317 1288 391 1318 ante
414 1295 548 1326 nequam
572 1288 761 1329 principem.

212 1343 243 1375 4.
268 1338 421 1374 Dominus
446 1346 540 1383 atque
564 1345 712 1389 salvator,

1017 827 1155 860 hostiam
1179 835 1239 867 pro
1264 825 1429 869 fratribus,

973 873 1020 907 Ut
1043 876 1118 906 ante
1139 883 1209 906 eum
1228 883 1406 907 mereamur

1017 924 1149 962 portare
1173 922 1351 963 manipulos

969 969 1076 1009 Atque
1102 969 1142 1001 de
1166 969 1323 1002 talentum
1348 971 1470 1002 lucrum

1019 1017 1237 1056 consignemus
1262 1019 1431 1057 geminum.

913 1084 944 1115 8.
969 1079 1089 1115 Divina
1113 1083 1234 1122 templa
1258 1087 1407 1117 coeuntes

1017 1130 1211 1171 suspiremus
1235 1131 1368 1173 pariter,

972 1176 1121 1209 Polorum
1144 1178 1213 1218 regi
1239 1177 1445 1212 obsecrantes

1017 1233 1076 1264 pro
1101 1227 1212 1257 nostra
1236 1224 1391 1268 facinora,

969 1270 1014 1303 Ut
1037 1272 1107 1312 ipse
1128 1273 1200 1312 pius
1225 1273 1395 1307 miserator

1017 1319 1114 1351 donet
1136 1320 1378 1360 indulgentiam.

317 1390 400 1429 quod
425 1399 515 1421 suum
539 1391 675 1424 redemit
690 1394 815 1434 sangui·
910 1385 942 1417 9·
968 1381 1149 1439 VigilefflUS·
1173 1389 1205 1417 0ss
1230 1395 1355 1420 oremus

591 1447 673 1479 nem,
1015 1442 1232 1473 unusquisque
1256 1443 1315 1475 pro
1341 1436 1415 1480 alio,

269 1482 306 1514 In
331 1493 388 1516 sua
412 1493 536 1524 semper
560 1488 718 1524 potestate
968 1479 1013 1512 Ut
1037 1481 1194 1521 possimus
1220 1482 1367 1515 invenire

316 1540 480 1564 reservare
504 1532 634 1575 animas,
1015 1528 1157 1567 requiem
1181 1528 1214 1560 in
1240 1531 1402 1562 saeculum

268 1576 314 1609 Ut
335 1587 394 1610 nec
416 1588 497 1610 unus
520 1582 649 1619 praeter
674 1590 743 1614 eum
969 1574 1076 1615 Atque
1100 1576 1198 1607 Vitam
1223 1576 1400 1618 POSSidOPG,

315 1628 503 1664 potestat-,em
527 1627 652 1660 habeat,
1015 1632 1108 1662 quam
1132 1624 1281 1663 promisit
1304 1624 1472 1661 Dominus.

213 1682 244 1713 5.
268 1677 378 1714 Honor
403 1682 450 1713 illi
474 1686 505 1714 et
528 1686 669 1722 potestas
888 1688 942 1722 10.
969 1685 1097 1722 Summo
1124 1690 1193 1730 regi
1217 1691 1417 1730 postulemus

314 1729 347 1760 in
372 1731 533 1762 aeternum
558 1737 732 1774 permanet,
1015 1746 1074 1777 pro
1100 1740 1285 1770 cunctorum
1310 1741 1433 1773 scelere

268 1776 328 1814 Qui
342 1785 399 1808 nos
412 1779 570 1816 pastorem
583 1787 678 1818 super
690 1790 817 1822 gregem
969 1783 1014 1816 Et
1039 1785 1079 1816 de
1103 1788 1212 1817 nostro
1236 1795 1416 1820 mereamur

315 1832 428 1855 vocare
453 1824 598 1864 dignatus
624 1831 681 1868 est,
1015 1832 1159 1864 invenire
1181 1834 1306 1866 veniam

271 1869 317 1902 Ut
339 1871 443 1902 salvas
470 1880 542 1904 oves
569 1875 785 1916 consignemus
968 1878 1033 1911 Per
1058 1888 1138 1923 eum,
1166 1881 1220 1920 qui
1243 1890 1370 1923 semper
1396 1884 1478 1917 vivit

316 1920 389 1950 ante
414 1918 479 1950 eius
505 1921 622 1953 oculos.
1017 1930 1048 1958 et
1071 1930 1183 1968 regnat
1207 1928 1240 1960 in
1265 1931 1402 1964 saecula.

552 1978 606 2011 11.
632 1978 679 2011 Te
705 1981 851 2023 deposco,
881 1982 982 2014 dulcis
1012 1982 1125 2025 frater,

682 2029 736 2068 qui
761 2029 847 2060 canis
871 2030 956 2061 hunc
977 2031 1176 2076 versiculum,

632 2074 678 2108 Ut
701 2076 843 2116 requiras
868 2077 1064 2119 principales

677 2123 788 2156 literas
812 2133 871 2164 per
894 2125 1048 2168 ordinem,

631 2168 684 2202 Sic
707 2171 830 2204 invenis
856 2172 922 2204 eius
945 2182 1069 2215 nomen,

680 2219 734 2258 qui
758 2219 842 2252 hunc
867 2225 1068 2260 exposuerat.

274 2279 343 2308 Cod.
371 2279 464 2316 Capit.
492 2282 635 2310 Veronen-
663 2283 708 2312 90.
739 2293 813 2312 saec.
835 2284 861 2313 9.
954 2284 981 2322 2,
1004 2286 1018 2315 1
1045 2288 1090 2316 Ad
1111 2290 1172 2317 alta
1192 2291 1269 2319 sede.
1300 2306 1338 2311 ——
1367 2292 1393 2328 2,
1414 2291 1433 2322 3
1460 2295 1502 2323 Ut

194 2325 256 2343 suo.
277 2332 314 2338 ——
333 2316 359 2354 2,
379 2316 397 2346 6
417 2319 510 2348 hostis
531 2322 762 2357 antiquissimus.
785 2339 821 2342 —
843 2322 869 2358 6,
890 2322 908 2352 3
928 2325 1049 2362 Semper
1068 2327 1167 2356 adstat
1188 2338 1276 2365 super
1296 2330 1395 2359 adstat
1407 2341 1499 2369 supra

195 2363 245 2390 gre
267 2364 321 2384 em.
335 2371 372 2376 —-
393 2356 419 2392 6,
434 2357 451 2386 5
467 2367 528 2386 una
540 2361 634 2395 possit
648 2370 726 2389 oves.
739 2376 778 2380 ——
797 2361 823 2397 7,
840 2360 858 2390 3
871 2362 1052 2399 Populorum
1064 2368 1135 2402 regi.
1150 2382 1187 2386 —
1201 2365 1227 2402 8,
1244 2365 1261 2394 6
1275 2370 1449 2407 germinum,
1462 2386 1501 2390 —

196 2393 222 2427 9,
284 2403 371 2431 quam
391 2397 474 2424 misit
491 2397 644 2426 Dominus.
665 2414 702 2418 -—
730 2398 774 2435 10,
794 2398 812 2429 3
831 2403 940 2429 nostra.
961 2417 999 2422 -·-
1025 2402 1069 2438 11,
1092 2403 1109 2432 5
1131 2405 1181 2433 Sic
1200 2406 1323 2434 invenit.
1352 2423 1389 2427 —
1415 2409 1501 2438 Nach
