1651 2606
712 94 971 136 —139—

199 192 231 225 3.
259 192 319 231 Qui
345 196 377 224 te
401 194 546 236 mundat,
572 196 607 226 te
631 196 813 238 obumbrat,

257 239 488 274 Obumbrando
513 244 547 273 te
568 241 732 286 fecundat,

308 287 333 320 O
357 288 433 321 Iesu
456 289 599 333 gigniti0‚

258 334 413 367 Nostrum
439 345 500 369 vae
524 347 584 377 per
609 348 668 372 ave
693 340 793 384 tollis7

258 382 385 416 Nomen
409 383 501 416 Evae
526 385 602 417 dum
625 387 766 419 revolvis

305 429 458 463 Gabriele
483 434 604 465 nuntio.

225 510 233 519 .
259 487 371 531 Virgo,
399 489 521 529 prolem
548 491 697 533 genuisti,

261 534 375 575 Stella,
402 536 500 569 solem
527 536 661 569 induisti

305 583 401 615 Veste
425 583 590 627 singulari,

256 630 379 663 Mundo
405 631 503 663 vitam
531 633 705 674 contulisti,

255 677 346 710 Evae
373 678 521 710 damnum
549 679 712 712 abstulisti

303 725 404 758 Partu
428 727 578 767 puellari.

890 199 921 232 5.
950 199 1036 238 Quae
1060 206 1111 229 res
1138 196 1212 229 huic
1236 196 1361 236 similis,

946 245 1039 286 Quod
1064 253 1104 277 ex
1129 244 1242 276 matris
1266 244 1395 276 humilis

995 294 1115 325 Ventre
1139 294 1346 332 propagatur,

946 342 1023 374 Flos
1051 341 1090 373 de
1115 348 1188 372 rosa
1212 340 1366 378 nascitur,

946 388 1056 421 Pudor
1079 397 1143 419 non
1168 387 1334 424 amittitur,

993 435 1101 468 Decor
1126 437 1357 475 augmentatur.

911 519 918 527 .
946 492 1099 525 Fructum
1125 494 1235 524 natum
1260 493 1301 525 de
1324 491 1431 524 Maria

945 540 1079 580 Triplex
1101 539 1215 572 laudat
1240 539 1428 584 hierarchia,

993 587 1148 620 Tremunt
1171 589 1360 619 venerantes

947 634 1045 675 Caeli,
1072 637 1179 666 terrae
1205 634 1411 674 conditorem,

943 682 1091 714 Hominis
1117 684 1335 721 reparatorem

993 729 1096 771 Digne
1123 729 1354 764 collaudantes.

261 799 333 828 Olm.
353 801 508 830 Monacen.
528 799 578 837 (01.
598 802 825 839 Emmeramen.)
847 802 945 834 14343
965 806 1038 834 anni
1059 803 1142 834 1351.

624 933 684 965 139.
719 933 763 965 De
783 933 882 965 Parta
902 933 1055 974 Virginis.

194 1012 225 1045 1.
251 1012 361 1054 Virgo,
386 1013 520 1045 thronus
548 1012 737 1054 Salomonis,

252 1060 359 1101 Virgo,
388 1061 489 1092 vellus
516 1059 687 1100 GredeoniS,

299 1107 409 1149 Virgo,
436 1111 539 1140 mater
564 1108 697 1149 gratiae,

250 1155 356 1196 Salve,
384 1156 473 1188 cuius
495 1156 614 1188 nubem
638 1157 742 1188 nescit

254 1204 367 1243 Neque
391 1205 489 1243 partu
514 1203 672 1236 dediescit

299 1250 378 1284 Dies
403 1250 589 1291 pudicitiae.

192 1325 224 1351 ⁵.
249 1318 432 1350 Increatum
458 1327 510 1349 res
536 1320 653 1361 creata,

251 1365 348 1405 Virgo
374 1365 490 1407 Deum,
515 1368 640 1406 patrem
663 1368 751 1406 nata,

296 1413 433 1446 Fontem
458 1411 544 1445 fudit
568 1413 701 1454 rivuluS,

251 1460 305 1493 Sic
329 1463 465 1493 naturae
490 1460 666 1493 cancellato

247 1509 355 1542 Primo
375 1509 446 1541 iure
471 1508 638 1549 designato

295 1556 381 1589 Vase
405 1557 516 1596 prodit
539 1555 665 1598 figulus.

882 1015 915 1047 3.
941 1014 1011 1046 Usu
1035 1017 1147 1053 partus
1174 1015 1326 1046 destituto

941 1060 1093 1093 Fructum
1118 1060 1198 1094 flore
1223 1071 1284 1094 non
1311 1063 1415 1095 soluto

989 1109 1081 1141 Parit
1103 1109 1192 1141 Iesse
1216 1109 1351 1151 virgula,

940 1156 1079 1189 Fructus
1103 1155 1164 1189 flos
1187 1167 1253 1190 non
1279 1156 1472 1201 deflorescit,

939 1204 982 1237 Et
1006 1204 1129 1236 aeterni
1153 1214 1217 1237 non
1242 1206 1413 1239 marcescit

990 1252 1083 1285 Veris
1108 1261 1183 1285 rosa
1207 1253 1355 1293 primula.

904 1345 911 1352 .
938 1318 1043 1359 Salve,
1071 1320 1172 1351 servis
1197 1327 1271 1359 spes
1295 1323 1445 1352 aeternae

940 1365 1126 1406 LibertatiS,
1152 1366 1218 1405 lux,
1244 1376 1403 1407 supernae

981 1414 1078 1446 Lucis
1103 1414 1244 1454 ostiaria,

940 1460 1045 1503 Salve,
1072 1470 1132 1502 per
1157 1471 1249 1502 quam
1276 1463 1440 1496 servitutis

933 1508 1014 1550 iugo
1038 1508 1142 1542 fracto
1167 1512 1241 1542 sunt
1264 1510 1379 1543 salutis

984 1557 1146 1590 Restituta
1170 1558 1297 1598 gaudia.

534 1624 565 1657 5.
594 1624 657 1657 Per
682 1625 715 1654 te
738 1623 839 1655 nubes
866 1623 1073 1664 denubesoat‚

590 1670 686 1703 Vitae
709 1670 810 1704 nubes
837 1675 1003 1704 exarescat

639 1719 768 1751 Primae
792 1720 889 1752 sortis
913 1720 1057 1762 lacrima,

591 1767 638 1801 Ut
664 1767 707 1800 ad
732 1776 873 1800 mensam
896 1768 1051 1801 trinitatis

589 1815 666 1849 Post
691 1813 884 1849 fermentum
908 1816 1077 1849 vetustatis

637 1864 814 1905 Epulemur
840 1873 963 1906 azyma.

247 1940 329 1969 Orat,
349 1951 403 1970 ms.
418 1941 583 1977 Campense
603 1942 674 1968 anni
697 1937 780 1969 1462.
802 1940 873 1969 God.
887 1940 1105 1969 Darmstadien.
1127 1938 1192 1969 521.
1206 1954 1246 1960 —0
1265 1938 1291 1976 3,
1307 1939 1324 1968 5
1346 1943 1493 1969 antu-nae.

621 2073 686 2105 140.
715 2073 758 2105 De
778 2072 879 2104 Partu
897 2071 1051 2112 Virginis.

206 2183 212 2190 .
240 2158 346 2198 Salve,
374 2155 531 2189 salvatrix
555 2154 729 2196 hominum,

240 2204 447 2246 Superlativa
472 2202 633 2243 virginum

289 2254 452 2286 Virtutum
476 2249 659 2291 privilegio,

239 2305 326 2344 Quae
351 2301 440 2342 paris
465 2299 572 2332 lumen
597 2298 763 2337 luminum,

237 2352 326 2392 Quae
348 2349 461 2382 mundi
484 2346 573 2388 paris
596 2345 769 2378 Dominum

288 2398 385 2432 Salvo
412 2396 547 2437 pudoris
572 2393 650 2427 lilio.

874 2156 907 2187 2.
933 2153 988 2186 Ad
1012 2160 1206 2186 renovamen
1231 2155 1374 2185 veterum

931 2202 1033 2233 Tuum
1059 2200 1214 2233 fecundat
1237 2203 1362 2231 uterum

982 2250 1065 2282 Puer
1090 2258 1129 2281 ex
1154 2249 1220 2281 alto
1245 2248 1385 2290 veniens,

932 2297 1036 2340 Paris,
1061 2297 1179 2338 Maria,
1204 2297 1334 2336 puteum

932 2345 1002 2378 Nec
1026 2343 1138 2377 florem
1163 2343 1265 2376 siccas
1290 2347 1434 2376 tenerum

982 2393 1051 2426 Nec
1075 2391 1249 2425 infirmaris
1272 2390 1411 2431 pariens.
