1653 2608
679 121 723 127 --
772 101 841 137 209
892 121 935 128 ——

605 195 674 228 204.
706 195 749 229 De
769 196 899 229 Rosario
920 196 1006 229 BMV.

164 257 194 291 1.
221 254 327 291 Mater
350 259 419 290 nati
444 258 582 299 mirifici,
931 259 1040 292 Lassis
1068 258 1124 292 dat
1147 257 1358 299 refrigerium,

220 307 355 338 Aeterni
379 306 484 346 patris
508 306 613 339 lilium
931 307 1128 348 Lugentibus
1154 306 1368 348 gaudentiam.

222 353 267 386 Et
291 353 471 394 pneumatis
497 353 626 386 almifiei
880 367 912 399 7.
933 362 1138 405 Adgravatos
1160 363 1291 396 alleviat

221 401 379 434 Mirabile
402 402 587 435 triclinium»
931 413 1023 445 Dura
1043 413 1156 445 laxans
1183 411 1371 453 compendia

165 460 195 491 2.
222 456 355 492 Aurora
379 467 511 501 surgens
538 458 682 502 dulciter,
932 461 1179 500 Temptatosque
1204 458 1413 499 tranquilliat,

226 508 363 540 Taetros
388 507 554 539 illustrans
578 506 732 548 homines,
931 508 1072 549 Egentes
1097 507 1137 539 ab
1162 507 1281 540 inedia.

222 554 282 594 QUi
309 555 419 586 dicunt
442 553 513 607 ΑῨΘ
537 553 663 594 iugitera
875 566 906 601 8.
933 563 1090 599 Tenorem
1116 564 1338 597 observantiae

221 602 339 635 Damni
363 611 426 633 non
449 603 513 633 smt
538 601 723 642 participes.
931 612 1102 653 Refigjosjs
1128 611 1282 645 fratribus

162 662 195 694 3.
221 656 342 693 Rorem
365 657 500 691 infunde
523 659 647 699 gratiae
933 660 1126 701 Copiamque
1151 660 1304 692 scientiae

221 707 351 739 Dicenti
375 709 495 738 sertum
520 715 656 748 roseum,
931 708 1064 741 Devotis
1091 709 1146 741 dat
1171 707 1379 741 scholaribus

221 755 287 809 PT?
310 754 374 788 1²0⁰
397 753 500 787 Stabis
524 755 559 787 in
584 755 665 810 acze,
872 768 904 801 9.
930 762 1117 799 Excludens
1141 768 1189 797 est
1213 765 1361 805 poenalia

220 803 280 842 Qui
306 801 372 835 fert
391 805 480 834 tuum
504 802 706 843 psalterium.
930 813 1032 854 Regni
1057 816 1089 845 et
1112 812 1276 853 territorii,

162 861 196 894 4.
222 857 264 894 In
287 860 515 901 quinquaginta
539 861 660 892 texitur
928 861 1020 893 Mala
1045 860 1108 893 fert
1131 859 1303 893 infernalia

221 909 293 940 Ave
317 910 436 940 sertum
462 908 650 949 virgineum,
930 908 1116 949 Poenasque
1139 908 1326 949 purgatorii.

222 957 260 989 ῙΠ
285 956 390 988 ‘ssibus
416 956 511 1009 seriis
536 956 680 987 ”OSGitu'r
851 966 904 1001 10.
930 962 1035 998 Recte
1061 965 1180 997 dictum
1207 964 1412 997 daemonibus

222 1003 373 1036 psalterii
397 1003 581 1037 trichnium.
930 1012 1034 1045 Infert,
1059 1011 1273 1053 confusibilia,

162 1062 193 1094 5.
219 1058 251 1094 A
285 1086 648 1095 .......
931 1059 1056 1092 Sanctis
1080 1056 1242 1100 honorem,
1269 1059 1413 1091 omnibus

222 1131 525 1143 ,,,,,,
582 1137 585 1140 ,
639 1134 645 1140 .
930 1108 1082 1148 Largitur
1106 1107 1267 1148 perutilia.

218 1156 315 1188 Pater
345 1158 455 1209 BOS-tel*
479 1155 662 1210 quffifldessies
849 1166 904 1199 11.
930 1166 1030 1198 Iesu
1055 1174 1129 1205 ergo
1156 1164 1323 1205 concinite,

216 1204 256 1236 1¹1
279 1204 434 1245 psastffl'ffl
458 1206 586 1236 ‘emtas-
930 1214 976 1247 Ut
1002 1214 1123 1245 caelum
1150 1212 1395 1254 consequamini,

160 1263 191 1295 6.
217 1258 302 1295 Mire
326 1261 460 1301 prodest
483 1261 680 1301 psalterium,
930 1261 1054 1294 Mariae
1079 1269 1202 1302 quoque
1225 1261 1364 1301 psallite,

221 1309 304 1341 Nam
330 1311 475 1349 praestat
497 1309 736 1348 paenitentiam,
930 1309 975 1342 Ut
999 1309 1041 1341 ad
1066 1309 1174 1349 polum
1200 1308 1368 1342 ducamini.

507 1366 555 1398 Rc
583 1366 654 1404 Eia,
683 1366 759 1409 cari,

586 1414 678 1446 Velle
701 1422 764 1446 non
792 1414 914 1454 dispari

631 1462 717 1495 Hinc
741 1461 911 1495 offeramus
937 1462 1054 1503 iugiter

588 1511 680 1554 „Ave
703 1509 810 1542 Maria
834 1507 970 1555 gratia“‚

585 1559 632 1592 Ut
655 1558 698 1590 ad
724 1558 805 1590 caeli
828 1558 951 1598 palatia

632 1607 816 1640 Tendamus
841 1608 1051 1646 persuaviter.

223 1668 308 1697 Pass.
338 1676 391 1696 ms.
415 1668 459 1696 10.
487 1668 637 1697 Gilemans
664 1676 740 1696 saec.
770 1666 814 1696 15.
863 1668 932 1697 Coa.
958 1666 1042 1697 9365.
1071 1669 1122 1696 der
1146 1668 1176 1695 k.
1205 1677 1233 1695 u.
1259 1669 1290 1696 k.
1316 1669 1462 1697 Familien

147 1705 555 1736 Fidei-Comiss-Bibliothek.
572 1721 610 1725 -—
625 1707 765 1744 „Rigmus
786 1707 1026 1736 commendabilis
1048 1707 1084 1735 de
1097 1707 1228 1734 utilitate
1240 1715 1275 1735 ac
1288 1707 1462 1736 salubritate

148 1745 281 1780 psalterii
300 1745 408 1774 beatae
426 1748 458 1773 et
476 1745 625 1782 gloriosae
644 1746 703 1773 Dei
722 1747 880 1782 genetricis
899 1746 1016 1774 Mai-iae
1035 1754 1149 1781 semper
1168 1743 1321 1782 virginisf‘
1342 1760 1380 1765 ——
1401 1745 1427 1781 7,
1444 1744 1460 1774 1

146 1784 294 1812 Oneratos
314 1784 445 1819 alleviat,
465 1792 561 1821 gegen
581 1783 632 1812 das
651 1784 824 1813 Akrostich:
845 1785 941 1812 Maria
961 1787 1054 1812 mater
1073 1785 1150 1812 Iesu.

553 1878 623 1910 205.
653 1878 700 1909 Ad
720 1879 847 1911 beatam
866 1877 997 1911 Mariam
1017 1878 1053 1909 V.

578 1940 728 1973 Oratio
762 1941 1028 1981 vespertina.

160 2009 192 2042 1.
219 2009 272 2041 Ad
296 2010 330 2040 te
355 2009 540 2053 clamamus,
566 2008 643 2041 audi
666 2017 736 2050 nos,
848 2010 880 2043 3.
905 2008 1023 2041 Fessos
1050 2008 1173 2040 diurnis
1198 2005 1338 2038 aestibus

267 2057 377 2099 Virgo,
404 2058 515 2098 regina
541 2057 670 2097 saeculi,
954 2057 1022 2089 Nos
1047 2065 1156 2089 somno
1182 2055 1270 2095 pacis
1294 2052 1404 2085 refove

217 2104 264 2137 Et
286 2105 319 2137 in
344 2108 441 2137 nocte
463 2105 589 2138 custodi
614 2114 673 2138 nos
905 2105 1071 2145 Nobisque
1095 2102 1331 2144 quiescentibus

267 2152 357 2185 Sicut
379 2153 537 2194 pupillam
561 2154 655 2186 oculi.
954 2153 1003 2185 Tu
1028 2152 1160 2185 fraudes
1185 2150 1286 2182 hostis
1311 2158 1446 2182 remove.

159 2214 191 2246 2.
217 2212 287 2244 Iam
312 2211 382 2251 tibi,
408 2214 521 2254 mater,
543 2212 661 2251 septies
846 2212 879 2244 4.
907 2211 1008 2244 Stella
1031 2209 1155 2251 fulgore
1179 2206 1337 2249 praedita,

264 2260 303 2293 In
327 2260 379 2292 die
403 2259 532 2292 laudem
559 2259 705 2300 diximus,
954 2259 1026 2292 Lux
1050 2257 1199 2299 iucunda,
1234 2256 1289 2287 1ux
1315 2253 1460 2293 celebris,

217 2309 268 2343 Sit
291 2308 384 2342 nobis
409 2308 443 2340 in
468 2312 501 2340 te
523 2308 660 2349 requies,
905 2309 943 2341 In
970 2312 1041 2340 tuas
1066 2305 1177 2338 laudes
1204 2304 1308 2336 excita

261 2357 327 2391 Sub
352 2356 467 2390 umbra
493 2357 580 2389 cuius
606 2356 752 2391 vivimus.
953 2355 1021 2388 Nos
1044 2361 1138 2386 mane
1162 2353 1263 2393 pulsis
1287 2351 1439 2386 tenebris.

220 2415 307 2443 Brev.
327 2415 540 2443 Arremarense
560 2422 636 2443 saec.
660 2411 704 2443 15.
747 2414 818 2442 Cod.
837 2414 981 2442 Parisien.
1007 2408 1089 2440 1063.

198 2466 316 2495 Blume,
330 2467 376 2491 Pis
389 2466 535 2491 Dietamina.
563 2465 603 2490 IV.
1256 2456 1291 2486 14
