1653 2608
144 1671 174 1703 ,ιο

173 795 180 803 .
207 770 312 810 Salve,
339 779 495 802 summum
521 774 766 813 sacramentum,

172 945 180 952 -
209 923 314 963 Salve,
341 932 452 956 verum
477 928 721 964 sacramentum,

172 1300 180 1307 .
206 1277 288 1317 Ave,
314 1277 424 1309 vivens
449 1277 565 1318 hostia,

767 102 830 137 111
886 123 927 128 —-

580 196 643 228 103.
678 197 720 227 De
740 197 873 237 Corpore
893 196 1018 228 Christi.

540 277 621 317 Ave,
648 286 759 310 verum
784 286 899 318 corpus
924 276 1054 319 Christi,

539 324 597 364 Qui
620 333 678 357 nos
704 327 758 358 tuo
783 325 949 357 redemisti

586 372 733 405 Pretioso
758 374 930 413 sanguine3

540 419 585 452 Ut
610 421 682 461 pius
709 423 741 452 et
764 421 923 461 propitius

538 466 677 507 Respice
701 471 795 507 pater
819 478 915 508 super
941 477 998 500 nos

584 514 703 547 Mortis
727 515 761 547 in
787 516 941 549 examine.

213 578 283 607 Cod.
303 580 424 607 Trecen.
445 577 494 615 (ol.
517 579 729 616 claravallen.)
750 578 833 608 1612.
855 589 931 609 saec.
954 579 998 610 15.

581 691 646 723 104.
677 691 720 723 De
741 692 875 732 corpore
895 690 1021 724 Christi.

841 774 872 805 3.
900 772 1004 813 Salve,
1033 772 1127 804 dulce
1152 776 1394 814 sacramentum,

896 819 1050 859 Spiritale
1076 820 1311 853 condimentum

952 867 1104 909 Corporis
1130 870 1163 899 et
1186 869 1318 899 animae.

837 926 869 958 4.
897 924 1003 966 Salve,
1029 923 1155 956 firmum
1181 928 1423 964 sacramentum,

895 971 1011 1003 Tutum
1035 971 1128 1003 nobis
1154 970 1388 1003 firmamentum

945 1018 995 1050 Sis
1028 1028 1113 1050 nunc
1138 1021 1169 1049 et
1193 1019 1226 1050 in
1251 1022 1451 1059 perpetuum.

205 817 340 850 Sensum
366 826 472 851 meum
497 818 551 851 fac
574 819 732 851 intentum

253 866 292 899 In
317 869 351 897 te
375 866 462 899 omni
486 869 642 906 tempore,

206 971 269 1003 Per
299 972 383 1010 quod
410 971 503 1003 nobis
530 973 579 1003 est
604 975 763 1003 ostensum

255 1018 327 1050 Lux
353 1022 503 1050 aeternae
527 1019 657 1059 gloriae.

216 1083 348 1111 Oration.
370 1091 422 1111 ms.
444 1084 626 1120 Tegurinum
648 1084 720 1112 anni
742 1081 822 1111 1467.
865 1084 939 1112 Clm.
962 1084 1117 1111 Monacen.
1142 1081 1248 1111 19991.
1270 1098 1305 1101 —

575 1195 638 1227 105.
671 1195 716 1226 De
737 1195 868 1235 corporo
888 1194 1014 1227 Christi.

839 1278 871 1310 4.
898 1278 978 1317 Ave,
1007 1287 1121 1317 corpus
1146 1276 1275 1309 Domini

255 1324 381 1356 Veritas
408 1327 439 1355 et
463 1325 539 1364 vita,

206 1372 244 1404 In
270 1381 333 1412 qua
352 1371 512 1404 sacrificia

255 1420 378 1453 Cuncta
403 1422 478 1451 sunt
501 1419 602 1461 finita,

204 1467 268 1499 Per
291 1470 325 1498 te
349 1466 438 1507 patri
462 1466 567 1509 gloria

253 1516 360 1548 Datur
384 1513 519 1555 infinita,

204 1563 269 1595 Per
293 1565 327 1595 te
352 1565 418 1596 stat
442 1562 578 1595 ecclesia

252 1610 378 1651 Iugiter
401 1611 534 1645 munita.

201 1669 282 1708 Ave,
311 1678 366 1700 vas
392 1669 590 1702 clementiae,

251 1716 413 1749 Scrinium
438 1716 591 1755 dulcoris,

204 1765 243 1797 In
268 1772 330 1804 quo
356 1765 431 1796 sunt
457 1764 592 1796 deliciae

252 1812 374 1845 Caelioi
396 1813 532 1852 saporis,

204 1861 331 1892 Veritas
356 1860 557 1894 substantiae

250 1908 332 1941 Tota
357 1909 538 1950 salvatoris,

201 1956 444 1989 Sacramentum
469 1956 603 1997 gratiae,

254 2003 411 2038 Pabulum
438 2005 566 2038 amoris.

167 2089 173 2096 .
200 2062 283 2104 Ave,
311 2071 427 2094 manna
454 2063 606 2095 caelicum

251 2110 365 2143 Verius
391 2110 498 2154 legali,

201 2158 321 2191 Datum
348 2158 382 2190 in
403 2157 555 2191 viaticum

244 2206 369 2239 Misero
393 2206 533 2246 mortali,

199 2255 403 2287 Medicamen
428 2254 598 2294 mysticum

247 2302 364 2336 Morbo
388 2302 540 2344 spiritali,

200 2351 309 2384 Morte
336 2351 416 2383 dans
441 2350 632 2383 catholicum

248 2400 344 2432 Vitae
367 2399 552 2432 immortali.

941 1325 986 1356 Et
1010 1334 1122 1357 munus
1147 1323 1253 1366 finale,

897 1371 1019 1412 Corpus
1044 1372 1186 1404 iunctum
1212 1371 1343 1413 numini,

941 1420 1058 1452 Nobile
1081 1420 1194 1459 iocale‚

895 1467 986 1505 Quod
1011 1468 1142 1508 reliquit
1164 1467 1285 1499 homini

942 1516 981 1548 In
1006 1515 1200 1555 memoriale,

895 1563 974 1597 Cum
999 1563 1088 1596 finali
1113 1563 1249 1596 termino

940 1611 1064 1644 Mundo
1092 1611 1175 1644 dixit
1199 1611 1279 1643 vale.

861 1694 867 1701 .
895 1669 975 1713 Ave,
1002 1669 1132 1710 plenum
1158 1668 1319 1709 gaudium,

943 1717 1018 1750 Vita
1041 1716 1219 1756 beatorum,

894 1765 1075 1804 Pauperum
1102 1764 1267 1804 solacium,

943 1812 1036 1845 Salus
1065 1813 1263 1854 miserorum,

895 1859 1027 1894 Grande
1052 1860 1258 1900 privilegium

942 1909 1000 1941 Est
1025 1908 1087 1941 hoc
1113 1910 1280 1947 viatorum,

895 1956 1034 1995 Quorum
1060 1955 1255 1989 sacrificium

942 2005 1069 2037 Merces
1097 2011 1145 2037 est
1172 2004 1343 2037 caelorum.

859 2090 866 2096 .
894 2064 974 2105 Ave,
1002 2064 1104 2095 virtus
1130 2062 1270 2096 fortium.

944 2111 1084 2143 obvians
1110 2110 1232 2146 ruinae,

894 2158 1007 2191 Turris
1034 2161 1066 2189 et
1089 2158 1284 2198 praesidium

942 2207 1052 2239 Plebis
1075 2205 1275 2247 peregrinae,

894 2256 994 2296 Quam
1019 2255 1156 2287 insultus
1182 2253 1319 2285 hostium

941 2302 1106 2342 Frangere
1130 2309 1192 2334 non
1218 2301 1298 2342 sine,

893 2350 946 2383 Ne
972 2351 1005 2383 vi
1028 2349 1270 2390 malignantium

944 2399 1063 2432 Pereat
1084 2399 1118 2429 in
1142 2396 1215 2430 fine.
