1651 2606
189 2232 241 2263 10.

230 228 237 235 .
264 203 313 235 De
339 202 391 234 dic
413 201 523 234 iudicii

311 250 472 290 protrahit
494 257 670 280 sermonem

267 298 425 336 Suumque
451 295 615 335 discipulis

311 344 470 383 praedicit
493 351 634 383 agonem,

264 391 428 424 Pharisaei
451 390 560 421 sitiunt

313 438 431 471 Christi
454 437 630 477 passionem

265 485 308 517 Et
333 494 402 516 cum
427 483 539 515 scribis
561 481 728 513 conferunt

312 532 397 563 necis
421 531 577 562 unionem.

230 632 237 640 .
264 607 354 638 Tunc
379 608 501 637 coetum
525 604 709 644 pontificum

310 653 458 693 princeps
485 653 696 694 congregavit,

272 702 370 733 *idest
391 700 489 732 Iudas
512 702 642 742 temere,

310 757 401 787 quem
426 756 517 779 nemo
543 747 677 790 vocavit,

264 794 461 826 Salvatorem
486 794 625 826 vendere

308 842 405 873 miser
429 851 492 873 non
514 842 652 882 expavit,

262 889 441 930 Opportuni
465 890 617 928 temporis

310 945 414 968 moras
440 936 629 976 exploravit.

230 1037 237 1043 .
264 1013 301 1044 In
327 1012 442 1052 grandi
469 1012 616 1044 cenaculo

314 1059 433 1100 pascha
456 1060 676 1100 manducatur,

268 1107 334 1145 Quo
358 1107 439 1138 ritus
464 1107 613 1146 legalium

314 1153 377 1184 rite
400 1154 600 1194 terminatur,

265 1199 369 1232 Pedes
394 1201 504 1232 lavans
527 1201 662 1233 servulis

313 1257 369 1279 rex
394 1248 588 1287 humiliatur,

267 1295 309 1327 Et
337 1304 451 1335 corpus
478 1296 668 1327 dominicum

315 1343 436 1374 cunctis
463 1343 675 1382 dispensatur.

230 1443 238 1450 .
265 1417 456 1449 Futurorum
481 1419 642 1458 praescius

312 1465 414 1496 sciens
437 1466 634 1505 proditorem

264 1512 414 1544 Turbatis
442 1513 607 1553 discipulis

313 1563 424 1591 narrat
447 1560 532 1591 hunc
555 1563 714 1592 tenorem:

266 1606 356 1638 Unus
382 1607 422 1638 de
447 1607 613 1639 duodecim

316 1654 422 1685 tradet
446 1655 699 1695 redemptorem3

268 1700 394 1732 Mentes
421 1701 636 1733 innocentium

314 1748 480 1780 incurrunt.
503 1749 659 1783 timorem.

237 1847 244 1855 .
270 1823 451 1855 Ministrum
476 1827 635 1864 nequitiae

317 1870 448 1902 Iohanni
475 1872 595 1904 detexit

270 1918 331 1949 Per
356 1917 529 1950 buccellam
554 1920 716 1963 liquidam,

315 1974 406 2004 quam
431 1966 531 1998 Iudae
555 1968 708 2008 porrexit,

268 2012 327 2050 Qui
350 2013 490 2053 repletus
517 2014 669 2046 daemone

317 2059 477 2091 Christum
503 2061 648 2100 linquens
675 2063 752 2103 exit,

268 2107 320 2138 Ad
346 2107 500 2138 malorum
525 2110 697 2149 complices

315 2154 445 2186 Concite
468 2157 620 2194 perrexit¹

270 2229 419 2262 Caritatis
443 2234 572 2263 mutuae

316 2278 462 2310 revelans
489 2279 664 2313 doctrinam

271 2326 396 2357 Amanti
426 2327 583 2366 discipulo

313 2374 472 2414 praedicit
496 2376 630 2415 ruinam,

863 415 918 447 11.

865 823 918 856 12.

866 1230 922 1263 13.

867 1637 922 1671 14.

868 2046 922 2078 15.

944 195 1002 229 Cui
1026 198 1102 236 post
1123 194 1247 234 lapsum
1272 192 1385 225 veniae

992 242 1118 275 confert
1141 241 1344 280 medicinam,

944 291 1031 323 Hinc
1053 290 1212 322 honorant
1235 288 1385 320 laudibus

991 337 1107 370 faciem
1133 336 1284 370 divinam.

944 414 1035 446 Tunc
1060 421 1206 454 egressus
1230 412 1312 443 adiit

991 465 1129 493 montem
1155 460 1321 499 olivarum,

945 510 1047 542 Orans
1071 511 1196 549 patrem
1219 507 1338 546 repetit

992 557 1162 589 transitum
1187 563 1372 594 poenamm,

946 603 1051 636 Sudor
1075 603 1178 635 stillat
1201 602 1364 642 sanguinis

990 652 1092 683 instar
1117 649 1331 689 lacrimarum,

944 698 1166 731 Somnolentos
1186 697 1336 737 increpat

993 749 1098 778 custos
1123 745 1310 777 animarum.

946 822 1132 854 Venientem
1157 821 1309 861 populum

993 869 1090 901 verbo
1115 877 1189 900 mox
1214 867 1400 908 prostravit,

945 917 1035 948 Mitis
1060 925 1159 957 agnus
1184 915 1325 947 osculum

993 965 1095 996 Iudae
1120 972 1182 995 non
1202 962 1340 1005 negavit,

947 1011 1078 1044 Clientis
1103 1010 1279 1043 auriculam

994 1060 1108 1091 Petrus
1134 1057 1322 1098 amputavit,

946 1106 1011 1138 Sed
1035 1107 1120 1138 hunc
1143 1106 1233 1138 Iesus
1260 1104 1398 1136 dulciter

993 1154 1153 1194 tangendo
1178 1152 1316 1185 sanavit.

947 1230 1047 1262 Velut
1069 1229 1139 1270 lupi
1163 1229 1310 1260 saeviunt

994 1287 1109 1318 agnum
1132 1276 1319 1315 vincientes,

946 1325 1102 1365 Trahunt,
1127 1324 1271 1367 trudunt,
1300 1322 1419 1355 feriunt

993 1373 1105 1413 plagas
1129 1370 1316 1414 inferentes,

946 1419 1087 1460 Fugiunt
1112 1419 1261 1460 discipuli

995 1468 1096 1498 solum
1122 1466 1348 1508 relinquentes,

947 1514 1038 1546 Unus
1064 1517 1175 1554 spreta
1198 1514 1335 1545 sindone

996 1563 1097 1595 evasit
1122 1564 1278 1594 tenentes.

948 1639 1001 1671 Ad
1024 1640 1150 1671 Annam
1175 1638 1359 1678 pontificem

997 1687 1109 1719 cohors
1134 1686 1238 1718 Iesum
1266 1686 1368 1725 duxit,

948 1735 1085 1774 Agnitus
1111 1734 1255 1774 pontiflci

995 1783 1126 1814 Petrum
1150 1781 1340 1819 introduxit,

949 1829 1008 1868 Qui
1038 1829 1182 1870 negando
1207 1829 1377 1861 Dominum

996 1878 1135 1916 turpiter
1161 1875 1303 1915 defluxit,

949 1924 986 1955 ln
1012 1933 1047 1955 se
1071 1924 1201 1957 tandem
1228 1924 1357 1955 rediens

998 1980 1104 2003 casum
1130 1970 1237 2003 flendo
1262 1972 1355 2004 luxit.

949 2047 1166 2080 Praetendens
1193 2049 1382 2080 calumniam

998 2096 1109 2127 Annas
1135 2096 1327 2135 sciscitatur,

952 2142 1053 2181 Quem
1078 2147 1109 2175 et
1135 2143 1280 2175 Christus
1307 2143 1446 2175 dulciter

998 2192 1196 2230 respondens
1222 2191 1363 2230 adfatur,

951 2237 1051 2270 Manu
1078 2239 1215 2271 caedens
1240 2239 1411 2271 Dominum

998 2295 1111 2319 servus
1138 2286 1340 2327 dedignatur,

951 2332 1036 2365 Dum
1060 2344 1080 2367 a
1104 2335 1225 2367 cunctis
1250 2333 1405 2365 Dominus

999 2384 1109 2414 tacens
1136 2382 1333 2418 criminatur.
