1653 2608
739 45 993 80 —164—

232 153 287 188 81.
314 152 363 185 Tu
391 152 509 192 dixisti,
534 150 679 189 Domine,

360 199 559 241 prophetiam
585 204 668 236 vere,

313 248 402 288 Quod
427 249 568 279 nostrum
592 242 752 283 lapideum

359 295 457 328 velles
485 301 538 325 cor
563 291 669 323 delere

312 343 355 375 Et
381 350 434 373 cor
457 342 510 371 tuo
532 337 649 378 populo

361 395 504 420 carneum
529 383 702 424 praebere3

314 436 387 476 Sed,
413 435 481 476 ben,
508 432 561 464 vix
585 431 654 463 vult
677 428 782 462 anima

358 482 416 515 tibi
442 479 618 512 condolere.

232 561 286 593 82.
313 558 337 590 O
362 557 433 598 plus
459 564 551 594 quam
576 552 706 594 lapidei,

356 602 482 643 ingrati,
509 601 642 642 indigni,

312 652 336 683 O
361 649 462 682 nostri
488 649 637 681 duritiam

358 697 462 729 cordis
491 695 663 737 inbenigni,

310 745 423 777 Nonne
449 743 638 777 contumelia

357 792 457 824 multa
482 800 587 823 sumus
613 790 711 832 digni,

310 841 369 881 Qui
393 848 506 879 parum
532 838 739 878 compatimur

356 887 424 927 regi
448 888 513 918 tam
536 884 676 926 insigni?

230 966 285 999 83.
312 964 336 996 O
364 972 417 995 cor
442 970 545 994 meum
568 962 748 1004 pessimum,

358 1011 481 1048 durum,
505 1018 630 1050 vagum,
656 1018 780 1049 vanum,

311 1057 430 1091 Durius
454 1057 625 1098 lapidibus,

359 1105 448 1146 quasi
472 1104 684 1142 inhumanum,

312 1152 431 1186 Saltem
453 1160 536 1184 nuno
560 1154 750 1191 compatere,

359 1200 421 1232 nisi
446 1200 488 1232 sis
510 1200 666 1239 insanum,

312 1247 395 1280 Dum
416 1248 463 1279 sio
488 1247 576 1280 vides
602 1248 748 1290 compati,

360 1295 445 1335 quod
467 1303 532 1327 non
556 1297 605 1326 est
628 1294 807 1327 humanum.

234 1372 289 1404 84.
315 1370 341 1403 O
365 1371 448 1410 Iesu,
474 1372 550 1409 quot
573 1370 694 1410 gratiae

364 1418 421 1450 das
448 1416 641 1457 donationes,

318 1465 431 1497 Omnes
455 1467 525 1496 tuas
550 1464 694 1506 supplico

364 1511 590 1552 miserationes,

319 1559 430 1592 Cordis
454 1559 516 1590 mei
542 1559 627 1591 dilue

366 1606 600 1647 obdurationes,

318 1654 365 1687 Et
389 1653 430 1686 da
453 1653 530 1685 mihi
554 1654 701 1687 lacrimas

368 1704 400 1733 et
424 1702 663 1741 compassiones.

241 1778 295 1811 85.
323 1775 553 1820 contemplare,
580 1777 695 1819 anima,

372 1832 441 1855 cum
465 1832 577 1864 magno
603 1823 728 1857 fervore

323 1871 429 1904 Iesum
456 1870 615 1904 Christum
630 1872 792 1905 madidum

368 1919 402 1951 in
425 1926 481 1950 suo
507 1927 628 1959 cruore,

324 1966 434 1998 Virum
458 1965 526 1998 sine
550 1966 656 2005 specie

374 2017 406 2045 et
429 2013 498 2045 sine
524 2013 647 2053 decore,

327 2062 544 2103 Vulneratum,
568 2064 725 2093 mortuum

372 2112 426 2141 tuo
450 2117 509 2148 pro
534 2117 649 2142 amore.

248 2187 303 2220 86.
330 2186 365 2226 O,
392 2187 537 2226 quantae,
566 2183 696 2225 deifera,

374 2236 447 2265 tuae
471 2236 544 2265 sunt
567 2241 744 2277 pressurae,

327 2281 411 2315 Dum
435 2281 482 2313 sio
504 2279 700 2312 miserabiles

377 2329 485 2361 dolent
509 2330 688 2360 creaturae!

906 357 961 390 87.

906 768 962 800 88.

907 1176 962 1209 89.

912 1587 967 1619 90.

917 1995 973 2028 91.

988 138 1024 178 Ο,
1052 145 1133 178 quae
1157 135 1266 177 lingua
1291 131 1441 174 exprimit

1036 184 1086 216 vel
1110 191 1199 215 mens
1224 184 1337 222 penset
1358 188 1449 221 pure,

987 232 1102 272 Quales
1128 232 1202 262 nato
1227 233 1352 262 mortuo

1033 281 1107 311 tuae
1132 277 1198 310 sint
1221 273 1388 309 torturae?

987 357 1023 396 Ο,
1050 355 1119 397 quis
1140 354 1239 394 novit,
1264 361 1337 385 mea
1360 360 1444 395 spes,

1035 407 1107 436 tuos
1135 402 1303 438 eruciatus,

988 451 1121 492 Quando
1144 450 1235 483 Iesus
1260 457 1369 481 eoram
1391 450 1426 480 te

1036 503 1083 531 est
1108 499 1370 537 translanceatus,

988 546 1120 589 Quando
1146 546 1192 578 sie
1212 553 1400 587 percussum
1427 547 1476 576 est

1034 594 1118 627 illud
1142 603 1268 626 sacrum
1292 592 1388 635 latus,

990 642 1085 676 Cuius
1110 643 1238 682 sanguis
1263 641 1403 683 pretium

1034 692 1178 722 nostrum
1205 692 1253 721 est
1279 690 1435 721 vocatus?

989 765 1071 798 Nam
1098 775 1212 807 corpus
1237 765 1381 798 exanime

1037 815 1118 846 ictus
1144 823 1206 846 non
1233 813 1398 853 gravabat,

987 861 1051 894 Sed
1075 865 1164 894 tuum
1189 862 1316 893 beatum
1344 869 1399 892 cor

1038 910 1108 942 dire
1131 908 1329 952 perforabat,

987 958 1056 990 Iam
1084 966 1226 990 eruorem
1251 957 1364 989 lancea

1036 1005 1076 1037 de
1102 1005 1199 1037 eorde
1223 1004 1359 1046 libabat,

989 1053 1053 1086 Sed
1078 1053 1175 1085 totius
1201 1053 1343 1085 vulneris

1038 1101 1129 1133 dolor
1154 1105 1186 1133 te
1211 1100 1360 1134 vexabat.

989 1178 1206 1218 Bernhardus,
1238 1178 1292 1218 qui
1317 1177 1450 1210 multum
1477 1180 1519 1221 te,

1036 1227 1137 1269 virgo,
1165 1225 1321 1267 diligebat

987 1274 1033 1306 Et
1056 1282 1115 1313 pro
1141 1274 1206 1305 suis
1233 1273 1354 1305 viribus

1036 1321 1097 1353 tibi
1121 1322 1291 1365 serviebat,

991 1368 1079 1401 Siout
1103 1372 1160 1401 tua
1183 1370 1286 1409 pietas

1039 1417 1142 1449 eidem
1165 1416 1353 1457 praebebat,

992 1464 1125 1497 Sensum
1151 1464 1408 1505 subsequentium

1041 1512 1134 1544 nobis
1162 1511 1375 1547 describebat.

994 1588 1090 1620 quta
1115 1597 1240 1621 crucem
1264 1588 1324 1621 filii

1039 1639 1142 1668 mater
1165 1637 1346 1676 assistebat,

995 1682 1090 1716 Fletu
1115 1685 1313 1718 amarissimo

1041 1731 1158 1772 iugiter
1180 1732 1321 1774 lugebat,

997 1778 1080 1811 Nam
1104 1788 1200 1812 sensu
1225 1783 1369 1813 emortua

1042 1826 1114 1866 ipsa
1139 1829 1192 1860 vix
1216 1828 1354 1869 vivebat,

998 1874 1084 1906 Vooe
1109 1878 1203 1915 atque
1227 1876 1359 1916 viribus,

1046 1921 1128 1960 proh
1154 1923 1257 1963 dolor,
1284 1924 1424 1957 oarebat.

1000 1997 1100 2032 Immo
1125 1998 1239 2044 fracta,
1267 2001 1373 2043 anxia,

1048 2048 1218 2089 tacensque
1240 2048 1393 2090 pallebat,

1001 2093 1118 2126 Vivens
1148 2094 1209 2128 fuit
1233 2100 1369 2138 mortua,

1047 2143 1185 2176 moriens
1209 2145 1349 2188 vivebat,

1001 2189 1080 2233 Heu,
1107 2191 1204 2231 plena
1229 2193 1383 2232 angustiis

1048 2238 1153 2270 anima
1177 2239 1335 2283 manebat,

1001 2284 1119 2318 Vivens
1143 2289 1250 2321 tamen
1275 2290 1401 2320 mortua

1047 2332 1128 2365 mori
1152 2343 1216 2367 non
1242 2334 1379 2369 valebat.
