1653 2608
203 192 235 224 9.

179 604 233 639 10.

178 1016 236 1051 11.

177 1428 232 1462 12.

170 1841 226 1876 13.

169 2258 222 2293 14.

698 92 958 130 ——117—

263 189 343 227 Tale
367 201 490 234 munus,
519 193 627 225 divum
652 193 775 234 pignus

260 241 381 281 Donas,
408 249 470 281 quo
494 249 568 273 reus
594 239 631 274 fit
656 241 780 282 dignus,

260 287 474 329 Dispensator
499 297 532 320 es
557 289 721 329 benignus,

309 336 418 369 Ablue
440 345 493 369 me
515 336 667 378 maculis3

260 381 381 428 Refice,
409 383 546 425 sanguis,
572 385 735 422 lassatum,

260 433 317 466 Me
340 433 414 466 lava
439 432 685 473 coinquinatum,

263 481 385 521 Culpae
409 480 546 513 vinculis
568 480 701 520 ligatum

310 528 421 561 Solvas
447 537 466 560 a
489 526 634 568 piaculis.

261 602 411 639 Instaura
433 612 484 635 me
509 606 720 643 peccatorem,

261 654 373 695 Tuum,
400 652 537 695 Christe⁷
563 660 623 691 per
648 659 792 682 cruorem

260 700 423 734 Passionis
449 702 480 731 et
506 699 648 731 dolorem

307 747 471 786 Reforma,
497 745 679 790 sanctifica,

258 793 345 838 Iesu,
370 804 423 827 me
448 804 559 827 cruore
582 797 667 838 pota,

258 843 335 877 Mea
359 851 448 875 mens
474 843 517 875 sit
540 846 577 874 ut
602 842 727 881 devota,

260 891 464 926 Conscientia
486 890 530 923 sit
552 891 629 930 lota,

305 939 455 971 Animam
483 937 620 972 vivifica.

262 1014 364 1050 Huius
391 1023 516 1047 cursum
540 1014 627 1046 vitae
651 1013 768 1045 bonum

258 1065 318 1108 Da,
344 1073 395 1095 me
417 1061 471 1094 fac
486 1062 529 1095 ad
544 1062 630 1094 bona
643 1070 790 1101 pronum,

259 1112 395 1151 Sanguis
419 1112 492 1142 tuus
517 1118 568 1140 me
585 1109 627 1141 ad
643 1109 791 1141 thronum

305 1158 494 1191 Introducat
515 1157 654 1197 gloriae3

257 1203 430 1248 Egrotanti
454 1206 496 1238 sit
519 1204 655 1243 medela,

259 1255 400 1287 Timenti
425 1254 521 1290 salus,
548 1252 658 1292 tutela,

260 1303 371 1335 Hostis
396 1310 437 1334 116
461 1300 593 1333 laedant
616 1308 668 1331 me
690 1299 765 1342 tela,

306 1349 438 1390 Signum
463 1349 506 1380 sit
530 1347 693 1381 victoriae.

260 1424 397 1467 Sanguis
407 1424 631 1465 fecundetcor,
642 1425 788 1464 mentem,

258 1475 373 1508 Gratia
397 1474 518 1506 soletur
541 1471 682 1512 flentem,

254 1523 377 1555 Abluat
398 1530 449 1554 me
473 1521 699 1562 paenitentem,

304 1570 441 1603 Reatum
465 1569 651 1610 indulgeatz,

258 1616 366 1652 Vivax
392 1626 496 1659 cruor,
522 1616 621 1649 vitam
646 1617 773 1656 praesta

256 1668 385 1707 Puram,
419 1664 532 1698 mundi
556 1663 632 1705 fuga
655 1666 787 1704 maesta,

257 1715 344 1748 Orna
367 1722 482 1754 mores,
509 1716 609 1753 actus,
636 1715 734 1753 gesta,

302 1763 414 1796 Virtus
438 1762 471 1793 in
496 1770 547 1793 me
572 1759 702 1801 fulgeat.

254 1838 371 1875 Confer
394 1848 516 1881 pacem,
543 1838 617 1870 lites
643 1837 749 1880 plana,

253 1889 363 1930 Purga
386 1896 509 1928 sensus,
537 1894 652 1927 corpus
676 1894 764 1928 sana,

251 1938 344 1971 Iusta
370 1937 460 1977 doce,
486 1935 572 1977 pelle
599 1943 689 1974 vana,

300 1984 457 2019 Rectifica
481 1982 647 2025 spiritum3

253 2030 399 2074 Rumpat
421 2040 523 2065 nexus
550 2032 739 2064 delictorum

252 2083 364 2116 Virtus
389 2079 551 2121 sanguinis
577 2087 728 2119 meorum,

251 2130 380 2164 Veritas
405 2130 675 2162 sacramentorum

298 2178 408 2212 Meum
433 2176 537 2209 salvet
560 2176 691 2208 exitum.

249 2253 443 2291 Induratum
468 2263 526 2287 cor
551 2254 753 2297 compungat,

251 2305 354 2339 Cruor
376 2302 528 2345 spiritum
553 2304 720 2342 perungat,

251 2354 485 2387 Transeuntem
511 2359 563 2383 me
590 2350 762 2391 coniungat

300 2400 442 2437 Caelesti
464 2399 614 2440 militiae3

866 403 921 435 15.

864 804 917 838 16.

863 1251 917 1286 17.

861 1652 915 1686 18.

860 2059 915 2093 19.

950 189 1067 226 Sancte
1091 195 1193 235 pater,
1221 192 1297 225 audi
1320 195 1437 236 natum,

947 241 1009 272 Pro
1033 249 1085 272 me
1106 249 1244 281 passum,
1269 240 1475 282 immolatum,

947 288 1039 321 Omni
1063 290 1156 330 parte
1182 291 1388 327 cruentatum,

994 339 1165 369 Auctorem
1189 335 1342 369 iustitiae.

949 400 1134 447 Triumpho,
1160 403 1321 446 sanguine,
1348 410 1441 434 cruce

946 451 1021 483 Iesu
1044 450 1120 483 fisus
1143 451 1183 483 ab
1208 452 1269 483 hac
1292 451 1364 483 luce

946 499 1118 531 Transeam
1145 502 1177 530 te
1203 498 1328 532 Christo
1356 497 1435 529 duce

994 547 1049 578 Ad
1072 549 1254 580 sanctorum
1278 546 1394 586 aciem3

946 589 998 626 Ibi
1023 595 1124 634 patris
1150 594 1302 627 creatoris

949 641 1094 684 Ceruam,
1122 643 1190 674 nati
1213 641 1439 683 redemptoris,

948 688 1057 721 Sancti
1082 689 1213 730 spiritus
1239 690 1356 722 amoris

994 737 1033 769 In
1057 741 1219 769 aeternum
1246 736 1368 769 faciem.

944 801 1031 837 Hoc
1054 804 1096 835 in
1121 804 1215 836 loco
1242 805 1421 836 continetur

946 851 1080 893 Sanguis
1098 851 1226 892 Christi,
1251 852 1306 891 qui
1329 851 1475 883 medetur

946 899 1076 931 Omnem
1102 907 1240 941 aegrum,
1275 899 1302 930 si
1327 901 1476 938 precetur

991 947 1095 978 Deum
1121 947 1217 978 corde
1242 946 1393 985 61611111ος

944 990 1012 1027 1516
1036 993 1163 1034 sanguis
1188 993 1380 1025 restauravit

945 1041 1065 1075 Urbem
1106 1041 1205 1082 hanc,
1257 1049 1350 1082 quam
1390 1041 1473 1081 ignis

1247 1088 1370 1127 stravit,

946 1136 1091 1169 Christus
1117 1137 1251 1177 gratiam
1277 1136 1407 1168 donavit

990 1184 1063 1216 Hoc
1086 1184 1117 1215 in
1143 1184 1214 1216 loco
1240 1184 1361 1216 sedulo.

945 1247 1064 1284 Civitas
1089 1252 1151 1282 ista
1176 1249 1325 1291 formosa,

943 1298 1110 1330 Fidelibus
1135 1299 1291 1338 populosa

943 1345 1068 1378 Effecta
1093 1349 1142 1378 est
1164 1346 1303 1387 gloriosa

993 1394 1122 1427 Cruoris
1147 1394 1346 1434 praesentia3

943 1439 1156 1475 Praestantur
1179 1442 1232 1473 hic
1257 1442 1420 1483 sanitates,

943 1489 1126 1522 Succedunt
1150 1490 1380 1530 prosperitates

942 1536 1068 1570 Felices
1094 1541 1127 1569 et
1153 1537 1323 1578 dignitates

990 1586 1121 1618 Domini
1147 1585 1326 1618 clementia.

941 1649 1016 1686 Rex
1041 1657 1180 1693 aeterne,
1214 1653 1297 1685 dona
1321 1660 1432 1694 pacem

942 1702 1007 1734 Per
1031 1701 1215 1742 sanguinem
1242 1699 1415 1742 efficacem,

944 1749 1093 1783 Gladium
1123 1750 1200 1782 tolle
1224 1749 1378 1781 minacem

988 1799 1029 1832 111
1055 1798 1108 1830 die
1130 1797 1260 1837 iudicii;

940 1842 1091 1879 Emunda
1117 1854 1171 1878 cor
1195 1846 1403 1885 inquinatum,

942 1894 1052 1935 Cruor,
1080 1894 1175 1926 ablue
1198 1897 1332 1934 reatum,

940 1943 1053 1976 Finem
1079 1943 1185 1975 tribue
1209 1942 1346 1981 beatum,

988 1992 1128 2024 Poenam
1153 1990 1232 2022 tolle
1257 1989 1339 2022 vitii.

942 2056 1147 2100 sempiterna
1172 2057 1330 2098 claritate,

941 2107 1075 2149 Semper
1098 2105 1340 2138 immortalitate

941 2155 1051 2188 Potiar
1078 2153 1242 2197 felicitate,

987 2203 1154 2243 Deprecor
1179 2200 1388 2242 supplicitei-3

941 2248 1063 2286 Eterno
1090 2250 1205 2291 fungar
1229 2249 1389 2290 thesauro,

942 2300 1039 2333 Sacro
1065 2307 1190 2331 merear
1214 2299 1358 2329 restauro

942 2348 1050 2382 Ditari
1076 2348 1235 2380 caelorum
1262 2354 1349 2386 auro,

988 2399 1056 2438 Quo
1081 2404 1211 2436 pergam
1238 2391 1385 2426 feliciter.
