1653 2608
678 97 934 136 -171—

499 203 564 235 164.
594 202 745 246 Dialogus
765 203 884 237 Mariae
905 213 971 236 cum
987 203 1112 244 Populo.

366 283 569 324 Populus,
1053 285 1251 326 Populus.

165 347 196 381 1.
224 347 249 380 Ο
275 349 474 390 perpulchra
499 351 637 391 domina,
851 354 883 386 3,
910 352 935 385 Ο
958 352 1069 393 regina
1092 352 1221 392 saeculi,

270 404 327 429 cur
353 398 401 428 sic
424 397 650 438 perturbaris?
957 400 1102 433 barathri
1127 400 1331 440 dominatrix,

221 442 305 477 Nive
331 454 412 486 quae
438 445 619 485 candidior,
911 447 1004 480 Scala
1028 448 1108 479 caeli
1133 448 1304 491 splendidi,

267 490 345 524 fletu
372 493 561 534 denigrariS‚
955 495 1116 527 hominum
1139 496 1337 538 imperatrix,

220 538 324 580 Luna,
351 541 419 572 sole
445 540 572 580 clarior,
907 541 1005 584 Virgo
1033 546 1136 575 mater
1159 542 1298 587 Domini,

271 588 382 628 lugens
409 589 586 629 eclipsaris,
955 591 1126 631 splendida
1149 591 1331 632 mediatrix,

222 634 425 676 Singulorum
454 636 615 676 gaudium,
907 637 979 669 Non
1006 640 1054 670 est
1076 639 1125 670 sui
1149 639 1289 671 criminis

268 682 370 715 tristis
394 683 586 725 lacrimaris,
955 686 1084 726 plagula
1108 686 1318 728 vulneratrix,

219 730 305 771 Vita,
336 730 422 762 salus
448 731 619 773 hominum,
906 732 1045 765 Mortem
1071 737 1173 765 morte
1197 734 1325 777 liberat,

266 781 391 810 mortua
415 778 594 812 iudicaris?
953 781 1033 813 haec
1059 784 1141 824 sunt,
1170 781 1372 815 dominatrix.

386 864 534 898 Maria.
1072 867 1219 900 Maria.

158 932 191 965 2.
217 930 290 974 Dic,
319 941 418 973 quare
442 942 507 965 non
532 932 667 965 debeam
842 935 875 968 4.
898 932 943 965 Et
966 934 995 965 si
1020 934 1125 972 prosit
1147 933 1269 966 homini

266 988 382 1020 aspere
409 980 588 1019 lamentari,
956 981 1036 1012 dura
1060 979 1242 1021 flagellatio,

220 1026 339 1059 Natum
364 1036 468 1059 meum
493 1027 620 1060 intuens
904 1027 998 1059 Meae
1021 1030 1126 1060 tamen
1151 1028 1277 1060 animae

262 1075 381 1107 acriter
405 1074 591 1107 vulnerari?
950 1075 1031 1107 haec
1055 1079 1104 1107 est
1128 1075 1291 1117 gladiatm,

216 1122 317 1154 Totus
342 1123 471 1162 sanguis
497 1121 644 1155 funditur
903 1122 986 1155 Nam
1011 1132 1075 1155 non
1100 1132 1210 1155 sensus
1238 1123 1377 1167 discutit,

262 1179 358 1203 manu
382 1170 523 1211 militari,
951 1171 1161 1204 obumbratur
1185 1172 1278 1211 ratio,

214 1217 306 1250 Nulli
330 1218 472 1251 membro
494 1219 649 1261 parcitur,
904 1219 982 1252 Cum
1007 1219 1120 1251 matris
1145 1219 1188 1251 sit
1211 1220 1254 1252 ad
1278 1217 1379 1252 filium

263 1266 310 1298 sic
336 1266 561 1298 commaculari
949 1265 1096 1307 perfecta
1128 1268 1315 1307 compassio,

215 1313 338 1354 Corpus
365 1314 431 1345 eius
456 1314 561 1354 video,
901 1315 989 1354 Quae
1012 1315 1173 1355 praedixit
1198 1314 1269 1347 fieri

264 1362 374 1394 dolens
404 1362 484 1394 haec
509 1361 607 1395 effari.
951 1362 1142 1403 prophetica
1165 1364 1317 1395 narratio.

694 1457 897 1497 Populus.

499 1535 531 1568 5.
558 1535 583 1567 Ο
609 1533 740 1567 fontalis
765 1534 868 1576 venia,

602 1591 700 1624 parce
724 1582 931 1623 delinquenti,

556 1630 745 1663 Sanctorum
770 1630 905 1663 victoria

603 1678 705 1720 gloria
729 1679 948 1719 praecellenti,

554 1727 642 1759 Malo
668 1727 806 1768 quinque
830 1726 964 1759 verbula

598 1784 692 1815 quam
715 1775 805 1807 mille
828 1775 957 1818 legenti,

555 1823 734 1856 Secundum
759 1825 816 1855 tua
840 1822 958 1864 gaudia

603 1872 665 1904 hoc
690 1872 731 1904 do
755 1871 943 1913 paenitenti,

556 1920 707 1961 Quamvis
733 1921 777 1952 sit
800 1920 997 1960 apocrypha,

602 1969 703 2001 claret
727 1969 788 2001 hoc
813 1968 965 2003 studenti.

218 2044 296 2074 Orat.
318 2055 372 2074 ms.
392 2045 588 2083 Anglicanum
611 2052 687 2073 saec.
711 2042 755 2073 15.
777 2043 847 2072 God.
868 2043 1051 2081 Maihingen.
1071 2044 1088 2071 Ι
1108 2042 1134 2072 2.
1155 2041 1193 2073 8ο
1212 2042 1257 2073 19.

556 2176 617 2208 165.
648 2176 692 2208 Dc
712 2176 740 2208 V
759 2174 924 2208 Dalm-ibus
945 2176 1035 2209 BMV.

152 2261 183 2295 1.
208 2258 316 2294 Maria
344 2258 457 2299 dulcis,
483 2257 617 2291 miseros
841 2259 872 2291 2.
897 2257 1037 2291 Primam
1063 2256 1129 2290 fers
1155 2256 1320 2289 tristitiam

259 2317 317 2340 nos
343 2307 420 2341 audi
443 2307 619 2348 loquentes,
945 2306 1099 2348 templum
1125 2308 1157 2338 te
1181 2305 1330 2348 intrante,

207 2356 278 2390 Has
303 2357 443 2397 quinque
467 2354 616 2388 tristitias
898 2355 983 2387 Dum
1008 2354 1182 2396 prophetat
1206 2352 1333 2386 Simeon

254 2404 317 2437 tibi
341 2403 531 2438 referentes
947 2404 987 2437 de
1012 2411 1087 2436 ense
1112 2403 1311 2436 vulnerante.
