1651 2606
661 82 898 117 *19-

136 178 168 211 7.
191 178 317 220 Figule,
342 189 442 220 quare
465 179 651 221 figmentum
810 181 866 214 10.
891 180 1003 213 Honor
1027 181 1089 214 tibi
1111 191 1176 214 non
1200 180 1363 213 adcrescit

241 227 345 259 Tuum
369 228 418 260 vis
445 229 636 261 conterere?
938 229 990 262 Ex
1017 229 1167 261 damnatu
1191 228 1353 269 pauperis,

197 273 343 319 Domine,
371 284 471 316 quare
493 277 667 309 iumentum
892 276 961 309 Tua
984 285 1095 309 manus
1119 276 1288 308 invalescit

244 322 347 355 Tuum
372 324 421 356 vis
448 324 660 367 exstinguere,
939 324 978 356 1n
1003 324 1051 356 sui
1073 332 1140 355 rem
1166 323 1283 363 operiS‚

243 371 369 412 Pastor,
396 379 486 404 ovem
508 373 654 413 perdere,
939 371 1019 403 Rem
1044 374 1130 403 tuam
1155 370 1376 414 persequeris3

195 417 296 458 Fons,
323 419 371 451 vis
394 428 514 461 negare
533 417 696 455 fluentum,
895 420 1028 452 Factum
1051 427 1110 459 per
1134 422 1168 450 te
1192 427 1248 451 cor
1265 418 1421 459 stupescit

198 464 282 506 Dux,
315 466 363 498 vis
386 466 491 507 gregis
517 469 750 506 vexamentum,
893 466 936 499 Et
964 467 1135 506 desperans
1161 467 1331 505 evanescit,

245 514 352 556 Pater,
380 514 428 545 vis
454 522 511 545 nos
535 513 705 554 linquere?
941 514 1015 546 Nisi
1038 516 1073 546 tu
1096 513 1279 554 peperceris

247 560 330 600 Quid
355 559 462 593 facere
944 563 994 594 Ac
1018 561 1148 594 sceleris

246 607 296 640 De
320 610 374 641 tuo
400 609 448 641 vis
474 607 595 649 opere?
946 609 1084 642 Vulnera
1109 608 1280 642 curaveris.

143 703 174 735 8.
200 702 270 743 Ego
295 705 367 735 tuus
393 712 471 742 sum,
498 712 562 736 non
586 712 675 736 meus
816 703 872 739 11.
899 703 1064 748 Miserere,
1092 704 1270 744 miserator,

250 750 320 783 Nee
344 759 395 783 me
418 752 523 792 ipsum
548 752 666 790 iudico,
947 752 1026 791 Quia
1051 751 1144 784 nimis
1167 751 1289 792 anxior,

202 798 265 831 Pro
291 800 345 830 tuo
370 801 403 830 te
427 808 553 841 precor,
578 799 675 843 Deus,
899 800 1056 832 corruens
1083 799 1323 838 praevaricator

250 846 352 879 Orans
377 856 437 886 pro
463 856 514 879 me
538 848 673 888 modico,
947 846 1086 886 Spiritus
1112 850 1159 877 est
1184 846 1327 885 tristior3

249 894 320 926 Tua
343 894 415 926 iura
438 894 610 938 praedieo3
946 893 1067 926 Dolore
1092 891 1268 932 confodior,

203 941 274 973 Tua
298 949 351 974 res
376 950 455 981 sum,
483 943 625 982 quamvis
650 950 734 979 reus,
900 942 1435 981 Cernens,quantussumpeccator,

203 987 311 1022 David
337 989 388 1022 vel
411 989 470 1022 Iob
496 989 547 1022 vel
571 989 743 1031 Zachaeus,
901 989 1056 1020 Draconis
1081 986 1184 1019 factus
1210 990 1358 1031 sectator,

252 1038 315 1069 Pro
341 1039 396 1068 tua
420 1046 455 1068 re
480 1037 637 1078 supplico,
945 1036 1074 1068 Mortuo
1098 1035 1257 1075 miserior,

249 1084 305 1115 Me
330 1084 456 1127 abdico,
946 1084 1105 1122 Amen-ior,

251 1131 299 1163 Te
326 1135 433 1164 autem
458 1130 611 1172 glorifico.
947 1131 1067 1164 Vivens
1092 1130 1176 1161 enim
1203 1129 1332 1163 morior.

144 1228 175 1259 9.
203 1228 318 1266 Quare,
344 1229 446 1271 pater,
473 1227 598 1259 intuere
820 1227 875 1260 12.
903 1227 927 1260 Ο
955 1226 1056 1259 duleis
1083 1224 1154 1258 fons
1178 1224 1341 1263 bonitatis,

250 1275 425 1307 Alumnum
450 1277 515 1306 tam
540 1275 668 1306 anxium
949 1274 973 1307 Ο
1001 1273 1112 1307 dulcor
1138 1273 1335 1312 elementiae,

200 1322 344 1363 Eiusque
368 1322 488 1355 morbis
513 1323 653 1363 medere,
903 1323 927 1355 O
950 1321 1076 1361 piscina
1099 1320 1241 1361 pietatis,

252 1370 404 1410 Collapso
431 1370 471 1402 da
495 1370 671 1414 brachium,
949 1369 1016 1401 Ros
1040 1368 1291 1409 misericordiae,

251 1417 389 1458 Lugenti
413 1418 579 1459 solacium,
948 1416 1041 1460 Mihi,
1068 1416 1166 1448 iudex
1191 1415 1295 1455 hagie,

206 1465 342 1499 Caecum
368 1464 421 1497 fac
445 1466 551 1498 lumen
576 1466 688 1499 videre
903 1465 1013 1505 Parce,
1040 1472 1137 1504 parce
1162 1463 1340 1501 sceleratis,

204 1512 389 1554 Miseroque
414 1514 578 1552 miserere,
901 1512 1042 1546 Imbrem
1065 1511 1165 1544 funde
1191 1510 1347 1550 caritatis,

252 1561 413 1594 Praebens
440 1561 469 1593 ei
493 1562 658 1602 gremium,
949 1561 1067 1593 Munus
1092 1561 1222 1598 praest-a
1247 1559 1369 1599 veniae,

251 1607 423 1650 Refugium
948 1608 998 1639 Tu
1023 1607 1146 1648 gratiae

252 1657 474 1690 Paenitentum
500 1657 649 1690 omnium.
949 1654 1100 1695 Largitor
1125 1663 1158 1686 es
1185 1657 1217 1686 et
1241 1653 1371 1695 gloriae.

210 1751 281 1780 Cod.
300 1750 457 1780 Garnoten.
478 1748 545 1779 341.
566 1759 642 1779 saec.
666 1749 710 1779 14.
730 1766 770 1770 —
789 1748 816 1784 6,
839 1749 874 1779 10
894 1751 1033 1786 Largitor
1054 1758 1084 1777 es
1106 1751 1135 1777 et
1152 1750 1266 1777 veniae.

640 1901 682 1933 14.
712 1900 809 1933 Pater
830 1902 947 1934 Noster.

363 2006 388 2038 Ο
413 2006 508 2044 pater
533 2003 625 2044 alme,
652 2004 740 2036 tuurn
765 2011 879 2034 nomen
904 2002 945 2033 sit
968 2000 1212 2041 sanctificatum,

361 2051 587 2092 Adveniatque
612 2053 701 2084 tuum
725 2058 856 2091 regnum
881 2058 941 2089 per
965 2049 1071 2081 saecla
1095 2048 1232 2081 beatum.

363 2102 402 2134 In
427 2099 524 2132 caelis
549 2101 614 2132 stat
638 2099 721 2131 velle
742 2100 830 2130 tuum
855 2098 938 2131 sicut
962 2106 1087 2138 quoque
1112 2097 1218 2139 terris,

361 2150 410 2181 Tu
435 2156 553 2188 panem
576 2149 721 2180 nostrum
747 2147 790 2179 da
809 2146 903 2178 nobis
928 2146 1133 2185 cotidianum,

330 2223 336 2229 .
362 2195 484 2229 Debita
510 2195 636 2227 dimitte
660 2194 762 2235 nobis,
789 2196 825 2225 ut
848 2203 906 2226 nos
931 2193 1079 2233 inimicis,

360 2245 407 2278 Et
431 2252 496 2277 non
517 2244 696 2284 permittas,
724 2245 759 2274 ut
783 2251 842 2275 nos
867 2242 1035 2283 temptatio
1061 2242 1176 2277 vincat,

363 2293 428 2326 Sed
453 2292 556 2324 tutela
579 2291 664 2323 malo
690 2293 746 2324 tua
770 2299 828 2323 nos
855 2289 1008 2323 defendat
1034 2289 1073 2321 ab
1100 2290 1194 2321 omri.

305 2201 323 2232 ξπ

208 2389 280 2419 God.
302 2391 331 2418 S.
351 2388 474 2425 Iosephi
496 2387 699 2423 Oenipontani
717 2386 743 2413 A
762 2384 809 2415 35.
832 2386 903 2413 anni
924 2382 1007 2413 1450.
1244 2427 1284 2459 2*
