1653 2608
161 201 218 234 45.

163 715 220 747 46.

162 1259 194 1292 1.

686 105 923 144 —71—

244 200 318 233 Iesu
343 201 436 243 bone,
462 203 548 236 mitis
574 214 664 248 agne,

244 248 349 281 Homo
377 250 491 291 dulcis,
517 252 603 285 Deus
630 262 754 295 magne,

248 295 350 328 Gestu
373 298 460 330 mitis
485 300 636 343 spiritali,

249 343 343 376 Omni
367 346 452 377 mole
478 348 639 387 corporali

293 391 404 433 Longe
428 402 461 425 es
486 395 711 434 praestantior.

246 438 334 471 Odor
358 442 431 472 tuus
459 438 563 485 [odor]
589 443 686 485 vitae,

245 486 344 525 Quem
371 488 501 520 exhalat
523 492 636 530 pectus
668 490 756 530 mite,

245 533 442 566 Suavitatem
467 536 598 569 vincens
622 535 747 581 florum,

246 581 347 614 Omne
375 591 473 622 genus
497 584 742 628 pigmentorum,

292 629 441 661 Balsamo
466 630 667 671 fraglantior.

246 714 342 747 Hunc
357 716 505 756 designat
516 726 584 749 mos
594 717 780 758 pantherae,

245 762 346 801 Quam
363 768 539 804 sequuntur
556 774 664 797 omnes
681 764 779 810 ferae,

244 811 328 850 Quas
355 811 515 844 demulcet
542 812 623 844 odor
647 813 764 854 suavis,

247 857 340 890 Solus
367 859 465 891 draco
489 858 568 892 flatu
593 861 699 900 gravis

292 906 415 947 Torpet
443 909 476 939 et
501 908 663 940 emoritur.

852 485 907 516 47.

935 209 1004 241 Hoc
1028 206 1168 240 ferarum
1192 208 1273 240 miro
1298 217 1386 240 more

934 256 1011 288 Post
1034 258 1067 287 te
1092 256 1193 288 currit
1215 256 1248 288 in
1274 255 1372 287 odore

935 304 997 336 Cor
1021 301 1216 335 flammatum
1239 303 1271 334 vi
1296 304 1423 344 amoris,

935 350 1025 389 Quod
1053 351 1192 383 delectat
1215 350 1295 382 nihil
1320 349 1410 390 foris,

981 397 1044 430 Sed
1066 400 1099 430 te
1123 399 1191 430 solo
1215 397 1369 438 pascitur.

935 483 1037 522 Nunc,
1066 492 1083 515 o
1107 483 1192 525 Iesu,
1218 485 1315 521 tante,
1339 483 1424 523 talis,

934 531 1002 563 Fac
1025 539 1077 562 me
1099 531 1184 562 vitae
1207 530 1395 563 immortalis

936 578 1132 610 Coheredem
1157 581 1261 610 tecum
1287 586 1365 611 esse.

934 626 972 658 In
998 629 1140 657 extrema
1162 626 1220 657 illa
1243 634 1346 657 messe

983 672 1133 705 Gaudere
1156 673 1337 713 manipulis.

935 719 1128 753 Suscitatum
1153 730 1230 752 sono
1257 720 1353 752 tubae

934 768 1018 808 Rapi
1043 777 1168 799 sursum
1193 767 1247 799 fac
1271 767 1304 799 in
1327 767 1420 806 nube,

934 813 1003 847 Fac
1029 816 1204 847 discussum
1227 825 1290 847 non
1309 816 1463 859 damnari,

935 862 1051 894 Tecum
1078 871 1204 902 semper
1229 863 1383 903 gratulari

983 910 1188 942 Saeculorum
1213 910 1359 943 saeculiS.

226 989 295 1018 eod.
311 990 452 1019 Graecen.
477 989 559 1019 1121.
583 1001 659 1020 saec.
683 990 728 1020 14.
749 1007 787 1011 —
807 991 850 1029 11,
867 992 882 1021 1
895 994 966 1021 Ista.
980 1009 1019 1013 —
1034 991 1079 1027 19,
1094 992 1112 1020 7
1127 994 1199 1021 Lies
1218 994 1276 1020 viri
1297 995 1414 1021 cuncti?
1429 1008 1466 1012 —

146 1027 193 1063 45,
214 1027 235 1056 4
254 1029 353 1057 molle.
375 1044 414 1049 ——
433 1028 480 1064 45,
502 1029 520 1057 7
541 1031 634 1065 Quem
659 1031 779 1058 exaltat.

595 1170 641 1202 57.
670 1170 714 1202 De
733 1169 882 1203 Passione
901 1169 1032 1202 Domini.

219 1259 304 1300 Iesu,
331 1259 484 1299 princeps
511 1260 698 1304 maiestatis,

219 1306 308 1338 Fons
334 1307 485 1347 perennis
510 1308 652 1348 pietatis,

264 1355 465 1394 Angelorum
490 1354 636 1398 Domine,

220 1402 279 1441 Qui
307 1402 347 1434 de
373 1402 470 1434 caelis
498 1402 692 1434 descendisti

218 1450 327 1489 Atque
351 1449 442 1481 nasci
466 1450 596 1481 voluisti

265 1497 318 1529 Ex
343 1497 451 1529 Maria
475 1497 610 1538 virgine.

217 1545 272 1577 Ad
296 1547 339 1586 te,
366 1545 421 1585 pie
445 1546 520 1577 Iesu
546 1546 694 1588 clemens,

219 1592 345 1625 Clamat
367 1593 421 1625 hic
445 1596 597 1633 peccator
622 1601 750 1633 gemens

267 1640 332 1673 Sub
358 1641 485 1681 peccati
509 1641 663 1681 pondere,

217 1688 332 1720 Pande
357 1688 461 1720 sinum
485 1689 625 1732 pietatis,

218 1736 266 1769 Ut
290 1739 480 1768 trementem
503 1746 563 1776 pro
587 1736 730 1776 peccatis

266 1784 418 1825 Digneris
444 1785 618 1824 suscipere.

220 1871 303 1914 Iesu,
331 1870 420 1902 cuius
445 1871 586 1911 gloriosa

216 1917 397 1959 Faciesque
421 1919 569 1961 speciosa

264 1967 349 2000 Prae
374 1967 497 1999 cunctis
525 1966 727 2009 describitur,

215 2014 325 2055 Sputis
352 2014 458 2048 foedis
482 2015 653 2056 impiorum

213 2063 393 2104 Alapisque
417 2062 630 2096 nefandorum

263 2111 437 2143 Hominum
464 2112 644 2152 exponitur.

212 2160 278 2192 Per
303 2160 387 2191 hanc
410 2160 524 2191 miram
550 2159 737 2201 bonitatem,

215 2208 303 2247 Quae
327 2210 361 2239 te
386 2210 510 2239 tantam
535 2207 727 2247 pravitatem

259 2255 354 2287 Fecit
376 2264 439 2287 non
464 2255 615 2293 abnuere,

211 2303 296 2336 Mihi
322 2302 438 2335 faciem
465 2303 603 2343 beatam,

216 2352 349 2385 Civibus
375 2351 524 2392 supernis
550 2353 686 2392 gratam,

261 2400 414 2442 Dignen's
441 2399 624 2432 ostendere.

853 1261 884 1292 3.

910 1261 995 1301 Iesu,
1023 1260 1110 1292 cuius
1136 1260 1354 1292 venerandum

913 1307 1025 1351 Caput,
1054 1308 1176 1339 cunctis
1202 1308 1402 1340 adorandum

958 1355 1067 1387 Beatis
1093 1355 1269 1394 spiritibus,

911 1402 1019 1442 Spinis
1044 1402 1115 1434 dire
1140 1405 1320 1444 coronatur,

911 1449 1049 1488 Quarum
1073 1453 1174 1481 totum
1201 1453 1385 1481 cruentatur

959 1497 1069 1530 Saevis
1095 1497 1330 1537 punctionibus,

909 1545 963 1577 Ad
988 1554 1041 1577 me
1064 1545 1187 1576 vultum
1212 1545 1364 1577 bonitatis

911 1593 1091 1633 Oculosque
1115 1593 1244 1632 pietatis

956 1640 1106 1680 Digneris
1130 1643 1325 1679 convertere,

909 1688 956 1720 Ut
979 1697 1068 1719 mens
1091 1688 1177 1719 intus
1201 1688 1392 1728 illustretur,

908 1735 953 1767 Et
978 1735 1109 1767 affectus
1136 1736 1317 1767 consoletur

955 1784 1072 1816 Vultus
1097 1784 1145 1815 tui
1169 1784 1286 1816 sidere.

875 1892 882 1899 .
909 1870 994 1910 Iesu,
1022 1870 1123 1902 dulcis
1149 1878 1223 1910 spes
1248 1878 1385 1910 reorum,

909 1918 968 1957 Qui
993 1927 1053 1958 pro
1078 1921 1164 1950 statu
1188 1918 1414 1950 salvandorum

954 1966 1092 1998 Flevisti
1117 1966 1272 2007 piissime,

909 2015 972 2047 Per
996 2015 1081 2046 hunc
1105 2013 1223 2046 fontem
1250 2013 1389 2053 pietatiS,

910 2063 977 2102 Quo
1004 2071 1044 2095 ex
1069 2063 1169 2094 oculis
1193 2062 1295 2094 beatis

956 2110 1189 2143 Fundebantur
1210 2109 1371 2149 lacrimae,

908 2158 1037 2198 Precor,
1063 2157 1220 2198 quidquid
1244 2157 1393 2188 vitiorum

908 2206 1003 2238 Visus
1026 2206 1127 2238 traxit
1150 2206 1311 2237 oculorum

957 2254 1108 2294 Digneris
1135 2253 1311 2289 absolvere,

908 2303 955 2336 Ut
978 2304 1086 2334 reatus
1113 2310 1152 2332 ex
1176 2300 1238 2331 hoc
1258 2297 1336 2330 flere

906 2350 1092 2382 Mereamur
1117 2351 1149 2380 et
1174 2355 1287 2379 cavere

956 2398 1048 2430 Vana
1071 2400 1126 2428 tuo
1152 2403 1293 2429 munere.
