1651 2606
175 194 207 226 ’7.

149 787 205 820 10.

146 985 201 1018 11.

150 1184 203 1215 12.

149 1381 204 1413 13.

656 87 916 125 —136—2

234 193 338 235 Salve,
363 200 487 224 sacrum
505 191 567 224 Dei
592 188 756 228 templum,

231 241 391 273 Virtutum
416 243 451 271 tu
476 247 509 269 es
535 237 723 276 exemplum,

231 289 268 320 In
287 296 347 328 quo
361 296 416 318 rex
430 294 536 325 regum
552 288 628 316 tunc
640 281 757 315 obtulit

230 336 385 375 Hostiam,
411 341 490 374 quae
516 332 576 363 sibi
601 329 733 370 placuit.

230 392 325 424 Salve
349 393 384 421 tu
408 390 486 421 lucis
512 388 651 428 claritaS,

230 438 311 471 Solis
337 438 397 470 Dei
421 435 612 474 iucunditas,

230 485 333 517 Visita
357 493 426 527 nos,
452 484 563 519 mater,
590 480 686 513 hodie

229 532 274 564 Ut
299 531 407 564 fervor
431 529 506 562 solis
532 527 676 561 meridie.

195 611 202 618 .
230 589 333 627 Salve,
360 590 394 618 tu
418 587 507 626 pacis
530 586 635 623 ianua,

229 637 267 667 In
292 644 354 675 qua
375 633 551 666 iucundant
574 632 710 674 agmina,

229 683 291 714 Per
315 690 407 722 quam
433 683 524 722 patet
539 680 614 711 huic
630 679 756 711 saeculo

228 729 394 761 Sollemnis
419 736 504 760 nunc
528 727 678 761 visitatio.

231 786 336 824 Salve,
363 788 452 817 casta
474 793 492 816 0
517 784 634 825 Maria,

229 833 348 865 Nostra
365 841 448 872 spes,
474 832 553 876 laus,
572 834 674 864 mater
690 831 755 872 pia,

229 881 312 912 Nam
338 883 370 911 te
396 879 566 919 collaudat,
594 878 731 920 domina,

227 929 326 960 Trina
349 927 428 958 haec
452 926 562 958 mundi
587 926 734 958 machina

228 984 332 1026 Salve,
357 986 459 1015 mater
482 982 621 1023 luminis,

230 1032 329 1071 Quam
356 1031 454 1062 divini
478 1031 615 1062 numinis

227 1078 378 1110 Visitavit
401 1076 514 1117 gratia,

229 1125 322 1157 Felix
347 1134 463 1156 aurora
486 1123 667 1163 splendida.

230 1183 333 1224 Salve,
360 1191 412 1213 ros
437 1180 715 1222 balsamamiticus‚

232 1229 326 1262 Cuius
352 1229 438 1260 color
462 1229 513 1260 lac
538 1228 692 1261 candidus

229 1277 274 1308 Et
298 1276 377 1309 odor
402 1275 616 1316 suavissimus,

231 1323 333 1363 Sapor
363 1324 434 1363 plus
459 1331 552 1363 quam
576 1321 753 1354 mellifluus.

231 1379 335 1422 Salve,
360 1382 523 1411 aeternum
547 1379 732 1417 sacrarium,

231 1426 296 1465 Quo
322 1426 485 1465 splenduit
511 1426 724 1458 sacerdotium

229 1474 336 1514 Atque
360 1473 512 1505 virtutum
536 1473 716 1513 armarium,

230 1522 296 1560 Quo
329 1521 513 1553 reconditur
537 1520 753 1560 praeconium.

830 186 885 218 14.

830 385 884 418 15.

829 584 882 617 16.

827 783 883 816 17.

830 983 885 1016 18.

829 1181 884 1214 19.

827 1381 883 1412 20.

912 183 1018 225 Salve,
1044 181 1161 222 regalis
1186 179 1364 223 progenies,

912 231 937 263 O
963 233 998 262 tu
1024 230 1210 262 veneranda
1233 227 1368 268 species,

911 278 1005 310 Unde
1029 277 1132 317 surgit
1155 279 1192 309 ut
1214 285 1331 307 aurora

912 325 1009 365 Virgo
1034 327 1138 356 mater
1161 326 1227 356 tam
1254 323 1380 355 decora.

912 383 1006 416 Salve
1032 383 1158 414 clausus
1183 380 1255 413 fons
1279 380 1429 420 signatus,

910 431 935 463 O
960 429 1019 462 flos
1043 428 1156 461 florum
1181 427 1336 466 illibatus,

909 478 979 511 Tua
1002 477 1058 517 pia
1081 476 1222 508 visitatio

911 525 960 558 Sit
983 525 1075 557 nobis
1100 532 1185 555 nunc
1210 522 1397 555 consolatio.

910 582 1014 622 Salve,
1024 581 1224 622 praeclarum
1237 589 1367 611 aureum
1374 589 1441 619 vas,

909 630 975 669 Quo
1001 639 1036 661 se
1060 629 1225 660 transtulit
1251 628 1412 667 divinitas,

910 678 963 710 Ad
990 680 1023 709 te
1047 682 1190 709 nostrum
1216 674 1374 716 refugium

911 725 957 758 Ut
980 725 1021 757 ad
1044 727 1146 756 tutum
1170 723 1377 763 praesidium.

909 780 1015 822 Salve,
1039 781 1200 813 ierarchia
1226 780 1384 820 caelestis,

911 829 1007 862 Cuius
1033 828 1234 861 amoenitatis
1258 828 1350 859 testis

910 876 972 910 Est
996 877 1086 909 Iesus
1111 878 1183 907 tuus
1209 874 1304 918 filius,

909 924 1008 957 Pater
1036 927 1068 956 et
1092 924 1193 955 almus
1219 923 1362 963 spiritus,

911 980 1016 1022 Salve,
1043 980 1169 1020 fulgens
1196 980 1353 1024 diadema,

910 1028 1014 1061 Dictis
1039 1028 1270 1068 prophetarum
1294 1028 1414 1066 thema,

909 1075 959 1108 Tu
983 1084 1016 1107 es
1042 1084 1118 1108 arca
1141 1075 1292 1116 mosaica,

910 1123 1011 1156 Plena
1037 1123 1147 1155 divina
1170 1122 1285 1163 gratia.

911 1179 1016 1220 Salve,
1044 1188 1174 1212 aureum
1202 1179 1356 1212 ciborium

909 1227 954 1260 Et
979 1228 1153 1260 eburneum
1175 1227 1339 1268 solarium,

909 1276 998 1314 Quod
1027 1275 1177 1307 divinitas
1203 1276 1370 1319 exstruxit,

909 1322 1010 1355 Nobis
1036 1327 1129 1355 natus
1152 1332 1213 1363 quo
1238 1322 1357 1357 illuxit.

910 1379 1015 1419 Salve,
1040 1380 1096 1419 pia
1119 1379 1291 1416 visitatrix,

910 1427 1019 1460 Omnis
1044 1427 1119 1458 boni
1144 1427 1236 1467 larga
1262 1428 1381 1468 datrix,

907 1475 945 1507 In
971 1474 1105 1506 salutari
1130 1483 1187 1506 nos
1213 1474 1319 1516 visita,

907 1521 1009 1554 Beata
1032 1525 1136 1554 mater
1160 1531 1178 1553 o
1202 1521 1318 1555 Maria.

213 1585 292 1613 Orat.
313 1594 365 1613 ms.
387 1584 591 1613 Gharthusian.
613 1593 688 1613 saec.
712 1583 755 1613 15.
791 1586 861 1614 Cod.
883 1587 977 1623 Capit.
998 1587 1148 1615 Treviren.
1173 1585 1236 1616 116.

554 1677 616 1709 136.
650 1677 692 1709 De
712 1678 902 1710 visitatione
923 1679 1008 1711 BMV.

389 1748 486 1788 Virgo
508 1748 569 1779 Dei
591 1748 745 1792 genetrix,
772 1752 902 1781 nostrae
928 1749 1012 1781 vitae
1034 1752 1225 1796 reparatrix,

395 1795 522 1828 Caelica
545 1796 665 1837 regina,
690 1794 895 1836 praefulgens
921 1798 1017 1830 stella
1041 1799 1174 1841 marina,

391 1841 524 1882 Semper
546 1842 721 1885 laudanda,
749 1843 798 1875 cui
822 1844 893 1875 13115
918 1853 980 1876 11011
1006 1845 1126 1878 sufficit
1150 1847 1236 1887 ulla3

392 1888 536 1928 Namque
560 1893 630 1922 tuas
655 1890 765 1922 laudes
790 1891 917 1923 minime
944 1892 1132 1933 depromere
1156 1898 1297 1937 possent,

333 1937 364 1969 5.
438 1937 551 1969 Omnia
575 1937 603 1969 si
626 1936 753 1977 linguae
776 1939 886 1970 mundi
914 1943 1021 1971 creata
1045 1940 1162 1974 forent.

393 1984 561 2016 Praesenti
585 1984 668 2016 festo
691 1985 804 2017 laudes
830 1994 919 2026 cape,
946 1996 1023 2026 quas
1048 1987 1108 2019 tibi
1132 1992 1262 2028 praesto

390 2030 435 2062 Et
456 2030 514 2062 tibi
541 2032 637 2063 corde
660 2040 782 2072 promo,
807 2041 893 2074 sono,
920 2033 1013 2066 simul
1038 2044 1094 2068 ore
1117 2036 1266 2071 iucundo.

392 2078 417 2110 O
442 2080 544 2109 mater
570 2078 698 2118 Christi,
724 2082 892 2119 postquam
916 2084 959 2124 tn,
988 2083 1088 2124 Virgo,
1114 2082 1205 2117 fuisti

395 2126 535 2158 Caelitus
559 2125 679 2166 adfata,
704 2127 801 2159 verbo
826 2127 955 2160 Domini
977 2130 1155 2173 gravidata,

312 2174 365 2207 10.
392 2172 547 2212 Exsurgis
572 2181 718 2214 propere,
742 2177 892 2207 montana
916 2177 1009 2217 petis,
1035 2179 1210 2212 Zachariae

394 2220 534 2253 Uxorem
560 2220 696 2261 quaeris,
723 2223 780 2254 sed
806 2222 880 2255 huic
905 2224 988 2258 bona
1012 2235 1144 2259 munera
1169 2229 1265 2270 geriS,

391 2269 520 2301 Prolem
542 2268 706 2309 laetificas,
734 2270 810 2301 dum
832 2275 966 2303 matrem
992 2274 1082 2315 virgo
1106 2276 1238 2310 salutas.

394 2317 566 2348 Pneumate
593 2316 758 2359 repletam,
786 2325 855 2349 011111
881 2317 988 2351 fructu
1014 2324 1046 2353 te
1070 2322 1273 2355 benedictam

393 2363 528 2395 Nuntiat
551 2364 722 2403 admirans,
748 2368 781 2396 te
805 2374 884 2404 prae
909 2369 1030 2399 cunctis
1056 2368 1125 2401 fore
1150 2374 1303 2406 sanctam.

311 2412 364 2446 15.
391 2411 491 2453 Tunc,
516 2411 605 2452 virgo
631 2411 777 2455 celebris,
803 2415 948 2452 genetrix
973 2415 1152 2450 clarissima
1176 2418 1309 2461 Christi,
