1651 2606
753 105 987 141 ...63-

228 199 259 232 3.
287 198 312 231 O
339 207 428 232 mens
447 199 520 241 plus
538 210 632 242 quam
649 201 733 243 lapis
753 202 842 244 dura,
939 206 969 238 9.
997 204 1022 237 O
1047 206 1206 244 peccator,
1234 212 1274 235 ne
1301 204 1463 246 desperes,

287 246 390 286 Quare
415 256 478 280 non
506 252 555 281 est
577 249 637 282 tibi
663 259 740 284 cura
997 252 1076 290 Quia
1102 251 1167 283 eius
1194 260 1227 284 es
1254 252 1394 292 cohereS,

334 294 384 326 De
409 298 500 328 tanta
524 296 717 330 clementia?
1044 299 1079 331 Si
1104 301 1138 330 tu
1161 299 1367 340 paenitueris,

288 341 346 380 Qui
374 343 415 374 de
440 343 511 375 sinu
537 345 639 385 patris
666 345 754 377 venit
995 347 1041 378 Te
1066 346 1210 387 recipere
1233 350 1381 385 paratum

287 388 332 421 Et
357 392 389 421 te
409 390 562 424 miserum
587 392 725 424 redemit
998 394 1141 434 Videbis,
1165 395 1193 426 si
1218 394 1320 426 cernis
1346 397 1463 427 statum

336 437 453 470 Mortis
479 439 642 472 violentia.
1044 442 1100 474 Sui
1124 442 1207 474 sacri
1235 442 1388 481 corporis,

226 495 259 525 4.
289 493 454 547 Lacrimas
480 496 550 535 quis
578 497 764 540 contineret,
1131 538 1137 544 1
1174 528 1177 534 ,

289 540 344 572 Sic
367 545 539 574 tractatum
569 543 642 574 dum
667 544 794 575 videret
917 529 971 562 ω’
996 528 1096 560 Latus
1122 530 1239 559 muna
1261 531 1418 570 ‘mertum’

997 575 1087 614 Quod
1114 579 1146 606 te
1163 575 1280 608 reddat
1294 575 1371 607 inde
1390 579 1525 611 certum,

1044 622 1133 662 Quod
1160 626 1191 654 te
1217 622 1314 655 corde
1340 622 1464 664 diligit3

997 669 1135 702 Brachia
1156 672 1245 702 tenet
1268 672 1410 713 extensa,

995 720 1091 758 Ecce,
1116 718 1232 750 caritas
1257 717 1411 750 immensa

1044 766 1092 798 Te
1116 765 1266 804 amplecti
1291 765 1418 805 satagit.

335 589 439 621 Huius
464 598 579 631 corpus
604 591 748 623 inclitum
759 594 774 622 ζ*

290 636 352 668 Cor
378 636 540 677 lapideum
567 637 709 678 haberet,

285 683 349 716 Die
374 686 467 717 nocte
492 685 520 716 si
548 694 611 718 non
637 684 729 718 fieret

332 732 430 764 Esum
457 733 543 773 pomi
570 734 713 767 vetitum.

225 791 257 823 5.
285 788 450 829 Nusquam
477 790 569 822 dolor
593 792 751 831 repetitur

286 836 366 869 Tam
392 847 570 893 {mmenSUS‘
592 847 652 892 nec
676 841 822 880 sentum}
916 852 969 883 11.
999 850 1101 890 Caput
1126 850 1223 882 habet
1247 850 1444 892 inclinatum,

334 885 467 939 Utffste
492 889 651 940 SUStffnmt’
714 933 720 939 ¹
996 898 1037 930 Se
1061 900 1216 929 monstrat
1243 905 1312 928 esse
1336 900 1483 937 paratum

284 932 438 986 Ieremias
464 942 536 964 nam
561 942 595 965 m
617 934 740 965 threnis
760 980 766 986 Ι
1043 944 1130 976 Dare
1152 945 1241 983 pacis
1267 946 1418 985 omnum,

288 980 342 1012 3¹0
368 981 409 1012 de
433 981 658 1034 red-[emptoris.
674 989 785 1034 poenis
994 991 1110 1023 Manus
1124 991 1220 1023 habet
1229 994 1320 1032 aptas
1330 993 1369 1024 ad
1384 992 1521 1024 dandum

333 1028 567 1068 ΡΓΟΡῙΙΘΫᾸΖᾶ115
594 1030 727 1060 cec1n1t:
996 1038 1041 1070 Et
1065 1039 1107 1071 ad
1133 1041 1237 1070 tecum
1264 1039 1494 1072 convivandum

227 1086 258 1119 6.
286 1085 311 1118 O
338 1094 394 1117 vos
421 1093 540 1125 omnes,
567 1085 621 1124 qui
647 1085 791 1117 transitis
1042 1085 1207 1118 Praebens
1232 1085 1292 1117 tibi
1314 1085 1480 1121 ferculum.

281 1133 345 1165 Per
370 1133 465 1171 viam,
492 1133 673 1173 quicunque
701 1131 781 1175 sitis,

328 1180 450 1213 Precor
476 1189 542 1221 vos,
565 1179 734 1221 intendite,

284 1227 319 1260 Si
345 1230 394 1259 est
420 1227 512 1260 dolor
536 1228 620 1260 sicut
643 1236 742 1266 meus,

284 1274 389 1307 Homo
415 1284 483 1307 sum
511 1279 543 1307 et
567 1284 661 1307 verus
688 1274 774 1308 Deus

333 1323 470 1365 Pariter,
497 1323 663 1355 attendite.

225 1381 256 1412 7.
284 1381 309 1413 Ο
333 1389 427 1420 quam
452 1389 599 1421 magnum
628 1381 781 1420 caritatis,

283 1428 413 1461 Amoris
440 1430 472 1459 et
496 1428 627 1468 pietatis

912 1162 966 1194 12.
994 1162 1108 1194 Totum
1135 1171 1249 1202 corpus
1274 1163 1461 1194 incurvatur

994 1210 1042 1243 Ut
1064 1219 1100 1242 se
1123 1210 1184 1241 tibi
1207 1211 1373 1251 largiatur,

1042 1257 1076 1289 Si
1101 1257 1149 1288 vis
1174 1258 1265 1289 illum
1291 1258 1414 1290 tollere.

993 1304 1082 1337 Bone
1106 1305 1190 1347 Iesu,
1217 1305 1286 1346 quis
1312 1306 1375 1337 iam
1401 1306 1504 1348 plura,

992 1352 1055 1384 Per
1080 1360 1171 1394 quem
1196 1352 1335 1392 modum,
1361 1361 1420 1393 per
1445 1361 1524 1392 quae

1297 1400 1368 1432 iura

1038 1447 1069 1479 A
1093 1450 1126 1479 te
1149 1449 1256 1487 potest
1280 1446 1415 1488 petere?

993 1494 1154 1527 Sunanitis
1179 1494 1216 1527 fit
1239 1504 1361 1537 secura,

994 1541 1048 1574 Fit
1073 1545 1210 1583 purgata
1236 1545 1268 1574 et
1290 1542 1328 1575 fit
1351 1552 1433 1584 pura

1040 1591 1086 1622 Te
1111 1599 1208 1630 posse
1233 1591 1386 1631 recipere.

329 1475 402 1507 Hoc
425 1474 488 1508 fuit
511 1476 677 1518 indicium,

281 1524 372 1564 Quod
399 1524 439 1556 de
464 1524 542 1555 sede
565 1523 741 1555 maiestatis

280 1572 379 1604 Pater
403 1570 495 1604 nobis
523 1571 693 1613 captivatis

329 1619 424 1651 Misit
449 1628 540 1651 suum
563 1617 675 1659 filium,

222 1668 252 1700 8.
277 1667 323 1700 Ut
348 1677 368 1699 a
392 1669 495 1699 morte
519 1677 577 1699 nos
603 1669 734 1699 aeterna
912 1668 966 1700 13.
992 1666 1086 1698 Nunc
1102 1676 1249 1707 rogamus
1268 1666 1369 1699 Deum
1387 1669 1522 1706 patrem,

279 1715 515 1747 Descendendo
541 1715 583 1747 ad
606 1713 734 1746 inferna
993 1715 1052 1754 Qui
1079 1718 1111 1746 et
1135 1714 1226 1746 nobis
1252 1715 1347 1746 talem
1373 1713 1506 1747 fratrem

327 1762 449 1795 Libere
474 1763 649 1795 redimeret
1042 1763 1094 1795 Ab
1121 1765 1251 1795 aeterno
1276 1763 1396 1804 genuit,

281 1811 513 1855 Gaudiumque,
542 1811 627 1851 quod
652 1813 802 1850 parentes
995 1809 1054 1849 Qui
1079 1819 1139 1850 pro
1163 1810 1255 1842 nobis
1280 1810 1475 1843 redimendis

280 1859 499 1893 Perdiderunt
525 1858 757 1898 delinquentes,
994 1857 1040 1890 Et
1062 1859 1104 1891 ad
1128 1859 1227 1890 vitam
1253 1858 1467 1898 perducendis

334 1907 436 1940 Nobis
462 1907 657 1940 restitueret.
1043 1906 1106 1938 Tot
1129 1915 1249 1946 poenas
1275 1906 1434 1944 sustinuit,

564 1965 619 1999 14.
647 1964 714 1997 Nos
739 1974 781 1997 ne
807 1965 1032 1998 exhereditare

647 2013 744 2056 Velit,
771 2015 828 2047 sed
856 2014 899 2046 ad
923 2016 1048 2053 patrem
1076 2013 1155 2045 dare

692 2062 732 2094 In
760 2063 840 2094 caeli
866 2061 999 2102 palatia,

646 2110 693 2143 Ut
719 2118 789 2141 cum
816 2109 944 2143 Christo
969 2108 1142 2141 coheredes

648 2157 810 2190 Possimus
833 2157 953 2190 habere
976 2157 1069 2189 sedes

695 2206 733 2238 In
760 2208 892 2238 aeterna
917 2204 1031 2246 gloria.

283 2264 363 2292 Orat.
387 2271 440 2290 ms.
462 2261 673 2298 Ellwangense
693 2269 768 2289 saec.
793 2260 836 2289 15.
871 2261 940 2290 Ood.
955 2261 1159 2298 Stuttgartien.
1183 2259 1228 2288 lb
1249 2257 1294 2287 91.
1315 2274 1352 2278 —
1373 2256 1399 2292 2,
1413 2256 1433 2286 4
1452 2259 1524 2287 fehlt

206 2302 273 2330 eine
288 2301 384 2337 silbe,
409 2302 525 2329 euntem
536 2299 694 2336 jedenfalls
712 2301 929 2328 verschrieben.
952 2313 989 2319 -υ
1011 2297 1075 2333 3,1
1098 2301 1205 2329 Omnes
1220 2299 1286 2335 plus
1300 2305 1417 2334 quam.
1465 2297 1491 2331 7,
1506 2296 1523 2326 5

202 2341 395 2376 captivitatis.
419 2353 455 2358 —-
476 2336 503 2374 8,
520 2337 538 2366 2
557 2339 756 2367 Descendens.
778 2354 816 2359 ——
839 2336 865 2372 9,
880 2337 897 2366 5
911 2339 1012 2367 Vides.
1032 2354 1071 2358 —
1093 2336 1136 2371 10,
1151 2336 1169 2364 2
1184 2336 1269 2371 Quod
1284 2344 1348 2363 esse
1361 2335 1472 2364 reddat.
1487 2351 1523 2356 —

202 2377 246 2413 11,
270 2377 288 2406 2
314 2379 499 2407 monstravit.
525 2392 563 2397 —
593 2375 636 2411 11,
657 2376 677 2405 4
702 2378 756 2405 hat
782 2379 848 2406 eine
868 2376 950 2405 Silbe
971 2385 1007 2404 zu
1027 2377 1095 2405 viel.
1118 2390 1155 2395 —
1177 2374 1220 2409 11,
1241 2372 1259 2403 5
1280 2374 1317 2401 ad
1338 2375 1465 2412 erg-inm.
1486 2388 1522 2393 —

201 2416 247 2454 12,
268 2416 287 2445 2
307 2418 371 2446 Nec
391 2426 423 2446 se
442 2417 508 2445 tibi.
528 2414 633 2451 -14,
657 2415 672 2444 1
692 2415 734 2444 Et
752 2424 807 2444 nos
826 2424 873 2444 ne.
