1651 2606
747 117 983 152 „20—

637 215 679 246 15.
708 213 743 244 In
761 210 909 249 Ingressa
928 202 1097 236 Ecclesiae.

561 285 664 326 Salve,
692 282 803 312 sancta
827 276 949 325 civitas,
971 319 978 325 .

560 330 734 365 Benedicat
759 329 792 356 te
814 325 882 354 tota
904 322 1043 357 tnmtas,

560 378 604 409 Et
628 382 735 407 omnes
760 369 871 409 sancti,
898 366 952 406 qui
976 367 1050 396 sunt
1074 363 1107 394 in
1133 364 1176 400 tc,

562 425 661 456 Orent
684 420 785 452 Deum
811 424 869 455 pro
895 421 945 444 me

563 470 641 503 Cum
665 464 814 498 fidelibus
840 460 971 500 cunctis,

561 517 640 547 Tam
665 512 746 545 vivis
772 518 865 550 quam
892 506 1061 540 defunctis.

291 586 359 613 Cod.
381 584 410 611 S.
429 581 563 610 Floriani
581 579 626 605 XI
647 575 710 604 198.
732 583 800 603 saec
820 573 865 601 17.

438 710 478 741 16.
509 708 553 739 De
575 706 683 738 diebus
704 704 854 736 tredecim
874 703 927 734 vel
949 701 1022 742 quid
1042 699 1188 732 Dominus
1208 698 1241 729 in
1260 697 1309 729 his

757 760 885 793 operam
907 750 985 790 egit.

230 849 263 883 1.
288 847 397 880 Primo
425 846 477 878 die
503 844 585 877 dixit
609 843 713 875 Deus:
939 841 969 873 7.
997 838 1142 878 Septima
1168 836 1221 868 die
1246 834 1405 875 requievit

336 894 393 926 fiat
416 894 482 933 lux,
510 895 541 923 et
567 890 654 923 facta
679 893 736 930 est,
1043 885 1083 917 ab
1110 884 1255 917 omnibus
1281 882 1442 925 operibus,

289 942 408 974 Lucem
434 940 660 979 sempiternam
687 937 787 976 dedit,
997 935 1073 975 Ipso
1101 933 1152 965 die
1178 930 1346 963 benedixit

339 989 392 1028 qui
416 988 450 1020 in
475 987 531 1018 illo
558 985 705 1017 credidit.
1046 984 1078 1013 et
1102 978 1317 1012 sanctificavit
1337 978 1440 1011 illum.

233 1048 265 1079 2.
291 1044 439 1077 Secundo
466 1043 518 1075 die
543 1042 620 1074 fecit
643 1041 731 1073 Deus
939 1040 970 1072 8.
999 1039 1077 1071 Octo
1103 1046 1257 1069 annorum
1284 1038 1355 1067 erat
1379 1035 1483 1074 Iosue,

341 1093 401 1124 duo
429 1091 609 1133 luminaria,
1048 1094 1120 1117 cum
1144 1092 1281 1125 regnare
1307 1083 1477 1124 coepisset,

293 1140 348 1172 Sol
372 1140 404 1170 in
433 1139 494 1178 die,
520 1138 597 1169 luna
620 1138 714 1168 nocte
1000 1133 1148 1173 Triginta
1173 1135 1205 1164 et
1229 1141 1291 1163 uno
1317 1139 1401 1163 anno

342 1186 455 1218 ordine
480 1184 654 1217 constituit.
1047 1180 1195 1221 regnavit
1217 1179 1455 1219 Hierosolyma.

236 1246 267 1277 3.
295 1243 405 1276 Tertia
432 1242 483 1274 die
508 1242 579 1281 ipsa
603 1241 752 1272 maiestas
946 1240 976 1272 9.
1004 1238 1124 1270 Decem
1150 1237 1250 1269 verba
1275 1239 1349 1268 sunt
1372 1236 1407 1267 in
1430 1235 1501 1275 lege

343 1290 483 1322 surrexit
507 1298 527 1321 a
551 1288 695 1328 mortuis,
1053 1295 1130 1325 quos
1155 1285 1323 1325 praecepit
1347 1283 1515 1324 Dominus,

296 1338 417 1370 Multas
440 1336 551 1368 turbas
574 1336 621 1367 ibi
646 1334 708 1366 fuit
1007 1333 1067 1372 Qui
1089 1333 1147 1365 illa
1173 1332 1314 1364 custodit
1338 1339 1467 1371 semper

343 1385 501 1425 legionum
529 1382 661 1422 angelis.
1053 1383 1162 1412 manet
1184 1380 1219 1411 in
1244 1382 1411 1420 perpetuo.

239 1442 271 1474 4.
298 1442 417 1481 Quarta
443 1440 494 1471 die
521 1440 561 1471 de
585 1439 731 1478 sepulcro
922 1438 977 1470 10.
1004 1438 1163 1471 Undecim
1189 1441 1263 1468 sunt
1286 1437 1477 1479 lunationes,

346 1487 514 1519 suscitavit
536 1487 704 1526 Lazarum,
1056 1485 1217 1517 discutent
1238 1485 1404 1524 latercula,

301 1534 396 1567 Cuius
422 1543 536 1574 corpus
561 1535 625 1565 iam
650 1532 802 1574 foetebat,
1008 1533 1054 1565 Et
1077 1536 1114 1564 ut
1137 1533 1261 1573 pascha-
1283 1533 1476 1570 inveniatur,

347 1582 463 1622 ligatus
489 1581 662 1613 sudarium.
1058 1581 1105 1612 sic
1129 1581 1282 1620 impletur
1307 1589 1468 1613 numerus.

245 1640 279 1671 5.
305 1637 420 1677 Quinta
447 1637 497 1669 die
521 1636 599 1668 fecit
621 1637 709 1669 Deus
932 1638 988 1670 11.
1014 1637 1192 1670 Duodecim
1221 1640 1296 1669 sunt
1319 1636 1508 1678 prophetae,

352 1693 465 1724 magna
488 1684 657 1726 mirabilia,
1060 1686 1228 1718 duodecim
1254 1686 1403 1726 apostoii,

305 1731 355 1763 De
368 1731 505 1772 quinque
513 1741 611 1771 panes
622 1734 654 1763 et
664 1732 742 1764 duos
751 1733 856 1773 pisces
1012 1733 1168 1772 Quattuor
1195 1733 1421 1774 evangelistae,

354 1778 483 1811 satiavit
507 1779 604 1812 milia.
1058 1782 1111 1820 qui
1137 1783 1239 1812 estant
1261 1781 1295 1812 in
1321 1781 1447 1815 ordine.

252 1837 284 1869 6.
311 1834 408 1867 Sexta
433 1835 486 1867 die
509 1833 586 1866 fecit
610 1835 696 1867 Deus
930 1838 985 1871 12.
1011 1838 1181 1869 Tredecim
1206 1847 1363 1869 annorum
1390 1840 1460 1870 erat

357 1882 516 1914 hominem
542 1885 574 1913 et
597 1883 701 1914 omnia
1060 1885 1150 1924 virgo
1175 1888 1288 1916 sancta
1308 1885 1452 1925 Eulalia,

311 1929 537 1969 Quadrupedia
558 1929 592 1960 in
615 1932 703 1961 terra
1014 1932 1068 1963 Ad
1093 1932 1284 1972 martyrium
1310 1936 1360 1964 est
1385 1934 1483 1967 ducta

358 1979 390 2008 et
414 1985 521 2008 omnes
544 1976 698 2015 espiritus.
1064 1981 1096 2009 et
1120 1980 1246 2019 accepit
1270 1981 1417 2020 gratiam.

590 2033 645 2066 13.
673 2032 783 2064 Gloria
808 2037 839 2064 et
862 2034 962 2066 honor
987 2034 1055 2066 Deo

720 2089 880 2120 usquequo
906 2081 1071 2122 altissimo,

674 2126 747 2159 Una
771 2128 857 2166 patri
881 2125 1010 2168 filioque

721 2174 849 2213 spiritui
873 2175 1040 2214 paraclito.

318 2239 387 2267 Ood.
408 2238 574 2266 Bruxellen.
597 2235 755 2266 8860—67.
777 2246 854 2265 saec.
871 2237 914 2266 10.
940 2254 976 2258 —
996 2237 1023 2273 3,
1045 2238 1062 2268 3
1082 2241 1151 2270 Lies
1174 2244 1270 2272 Multa
1289 2247 1397 2274 turba?
1413 2263 1451 2267 —
1470 2250 1556 2278 Nach

242 2276 268 2313 5,
289 2276 310 2305 4
336 2277 411 2313 folgt
429 2276 518 2304 noch:
546 2276 588 2303 Et
606 2276 783 2311 fragmenta,
812 2284 888 2311 quae
907 2282 1110 2307 remanserunt
1132 2285 1268 2316 quaterni
1290 2283 1409 2312 cofinos.
1430 2301 1468 2306 —
1489 2287 1515 2322 67
1536 2287 1557 2316 4

242 2317 385 2352 spiritum.
404 2330 443 2360 -—·
463 2313 489 2348 9,
504 2312 521 2342 3
535 2314 604 2359 illo-s
624 2328 661 2332 —-
682 2312 726 2347 11,
745 2313 760 2341 1
774 2314 941 2350 prophetas.
961 2330 1000 2334 —
1012 2316 1096 2344 Nach
1111 2318 1168 2346 Str.
1184 2318 1221 2347 12
1234 2320 1347 2349 konnte
1361 2331 1391 2350 es
1406 2325 1547 2354 schemen

241 2353 482 2429 ᾖῗὲεωὲἒξθὲἓέ
508 2352 678 2389 spamscher
697 2352 847 2380 Herkunst
866 2355 950 2381 wiire.
992 2353 1080 2383 Scine
1099 2357 1247 2385 Latiniffit
1265 2359 1366 2387 wurde
1386 2361 1452 2390 dem
1472 2348 1557 2393 nicht:
