1651 2606
123 160 158 193 5.
182 157 267 199 16511,
294 157 380 189 6111115
405 163 497 187 aures
522 160 621 195 purae

182 207 348 239 Patienter
372 203 473 244 gentis
500 202 598 234 durae

233 252 350 285 Tulere
375 249 525 288 convicia,

183 300 344 341 Quidquid
368 297 480 330 auditu
501 297 610 328 reatus

184 350 253 382 Iam
279 345 434 387 contraxi,
460 344 628 376 miseratus

230 396 280 428 Tu
306 394 476 425 clementer
500 389 613 431 expia3

183 444 214 475 A
237 441 358 474 nocivis
384 437 524 471 cohiberi

182 490 250 522 Fac
273 487 415 520 auditum
441 487 473 516 et
497 482 599 516 foveri

230 536 299 567 Tua
323 540 448 572 semper
472 530 586 572 gratia,

180 584 226 616 Ut
253 582 406 614 discretus
432 579 475 610 sit
499 580 531 609 et
552 577 704 617 prudens,

184 632 275 663 Vana
297 627 412 668 iugiter
438 625 620 666 excludens,

232 675 394 708 Admittat
418 673 519 706 utilia.

156 787 163 794 .
189 763 272 803 Iesu,
300 760 387 791 6111115
412 759 562 790 odoratus

186 808 283 841 Nullo
308 815 438 847 prorsus
463 805 639 837 maculatus

236 854 466 894 Comprobatur
488 853 576 893 vitio,

189 903 281 943 Dete,
306 900 461 941 quidquid
484 898 647 932 odorando

189 950 251 983 Cor
276 949 432 981 commisit
457 952 489 979 et
511 947 694 979 mundando

237 997 294 1028 Pie
318 994 391 1028 fove
415 994 548 1036 gaudi03

192 1043 309 1075 Vitiosi
331 1042 379 1074 nii
402 1042 510 1074 odoris

192 1091 306 1124 Poenis
333 1089 439 1130 exigat
463 1088 594 1121 foetoris

241 1137 444 1178 Grehennalis,
471 1135 615 1175 Domine,

194 1185 258 1218 Sed
283 1192 382 1223 mens,
409 1191 518 1215 sensus
544 1192 564 1214 a
586 1181 711 1222 peccati

195 1232 297 1265 Sorde
320 1239 452 1271 prorsus
478 1230 598 1269 expiati

242 1279 313 1311 Sint
335 1279 370 1311 in
396 1281 450 1310 tuo
473 1278 609 1309 nomine.

163 1379 170 1386 .
195 1355 280 1393 Iesu,
306 1354 392 1385 salus
417 1353 601 1393 animarum,

196 1403 310 1434 Potum
335 1400 420 1432 fellis
447 1401 501 1441 qui
522 1409 665 1432 amarum

246 1448 385 1480 Gustans
405 1448 440 1479 in
462 1447 606 1488 patibulo

196 1496 241 1528 Et
264 1497 377 1535 potare
400 1495 543 1535 renuisti,

199 1543 280 1575 Dum
306 1545 338 1573 te
361 1542 448 1583 patri
471 1541 613 1574 obtulisti

245 1590 389 1622 Hostiam
415 1598 474 1629 pro
500 1589 628 1630 populo,

201 1638 231 1669 A
255 1639 356 1679 reatu,
382 1645 474 1677 quem
499 1636 622 1669 edendo

202 1684 392 1723 Perpetravi
416 1692 472 1716 seu
497 1683 645 1723 bibendo,

249 1731 305 1763 Me
331 1732 500 1763 clementer
525 1731 628 1774 expia,

204 1778 307 1811 Graiae
331 1778 424 1817 cuipa
448 1779 492 1810 sit
517 1779 621 1810 delet-a

204 1825 249 1858 Et
272 1826 410 1858 donante
433 1827 466 1856 te
492 1825 631 1858 discreta

250 1872 358 1913 Regar
383 1873 584 1905 abstinentia.

170 1972 178 1982 .
205 1949 278 1980 Iesu
304 1947 416 1988 dulcis,
443 1948 496 1987 qui
522 1948 664 1981 docendo

205 1996 334 2029 Plebem
359 2003 533 2035 precesque
558 1995 721 2028 fundendo

252 2042 416 2075 Reserasti
438 2042 535 2082 labia,

205 2093 236 2124 A
259 2089 400 2131 peccatis
423 2089 580 2122 labiorum

207 2138 329 2171 Munda
352 2141 490 2170 mentem
515 2146 553 2169 ac
577 2138 744 2170 verborum

255 2185 357 2218 Sorde
379 2187 437 2217 tua
460 2185 580 2226 gratia3

209 2235 240 2266 A
264 2234 384 2266 nocivis
410 2232 463 2265 fac
487 2232 583 2265 silere

210 2281 366 2322 Linguam
390 2289 501 2320 meam,
528 2282 585 2313 sed
612 2281 735 2320 docere,

255 2329 364 2362 Verba
387 2338 464 2362 vera
486 2337 634 2369 promere

812 906 868 939 10.

821 1497 876 1530 11.

830 2091 885 2125 12.

885 146 937 178 Da
964 145 1128 178 doctrinae
1153 140 1299 176 veritatis

886 193 1103 232 Precibusque
1128 188 1217 234 [tibi]
1244 189 1344 230 gratis

932 241 1056 281 Iugiter
1079 240 1239 272 insistere.

855 341 861 346 .
886 312 959 344 Iesu
984 311 1078 351 bone,
1104 309 1158 350 qui
1183 310 1327 342 sacratas

887 359 1003 391 Manus
1030 358 1129 390 clavis
1155 355 1336 397 perforatas

934 406 1121 439 Extendens
1146 404 1180 437 in
1206 404 1322 436 arbore

887 454 988 487 Rivos
1013 452 1126 486 fudisti
1153 451 1286 494 cruoris,

887 502 986 541 Quem
1011 500 1124 533 eduxit
1147 500 1195 532 vis
1220 498 1339 531 amoris

935 549 987 582 Ex
1011 549 1135 580 sincero
1162 554 1307 587 corpore,

889 597 952 629 Per
986 604 1128 628 cruorem
1153 595 1239 627 hunc
1263 595 1422 626 sacratum

891 645 1024 677 Omnem
1050 644 1136 676 dilue
1160 644 1284 674 reatum

940 691 1038 729 Quem
1064 691 1209 723 contraxi
1232 688 1391 729 manibus,

892 738 944 771 Da
965 741 1000 770 ut
1024 737 1117 770 factis
1140 737 1264 769 vitiosis

892 786 1093 819 Emundatus
1119 784 1290 817 fluctuosis

941 834 1093 867 Insistam
1117 832 1279 873 operibus.

894 905 969 937 Iesu
990 906 1055 946 pie,
1082 904 1137 944 qui
1161 902 1274 935 beatos

894 951 997 985 Pedes
1024 951 1111 983 cruci
1136 951 1341 984 conclavatos

943 1000 1089 1040 Irrigasti
1115 998 1277 1040 sanguine,

895 1047 959 1079 Per
986 1047 1121 1084 (1010165,
1148 1054 1225 1087 quos
1251 1044 1365 1087 tulisti,

895 1094 940 1126 Et
965 1102 1119 1134 cruorem,
1145 1101 1237 1133 quem
1263 1091 1390 1134 fudisti,

945 1141 1044 1182 Rogo,
1074 1141 1175 1173 dulcis
1200 1140 1349 1181 Domine,

899 1189 991 1222 Omni
1016 1188 1135 1221 munda
1159 1196 1214 1219 cor
1241 1196 1382 1228 excessu,

898 1237 997 1275 Quem
1031 1235 1179 1268 contraxi
1201 1235 1297 1275 pedis
1322 1242 1434 1275 gressu

947 1284 1022 1317 Sive
1046 1283 1156 1323 pravis
1180 1282 1335 1323 moribus,

899 1331 1003 1365 Aufer
1027 1331 1111 1363 viam
1136 1331 1318 1370 pravitatis,

900 1380 968 1412 Iter
991 1379 1137 1418 pandens
1161 1378 1307 1410 veritatis

946 1425 1030 1458 Meis
1058 1435 1185 1465 semper
1209 1425 1382 1466 gressibus.

902 1498 986 1540 Iesu,
1012 1497 1083 1530 veri
1106 1495 1178 1529 fons
1203 1496 1322 1528 amoris

903 1545 947 1576 Et
969 1546 1068 1577 totius
1092 1545 1156 1576 mel
1183 1544 1333 1584 dulcoriS,

952 1593 1012 1632 Qui
1038 1601 1078 1624 ex
1102 1592 1156 1634 pio
1180 1592 1284 1623 latere

904 1639 1044 1672 Nostrae
1066 1640 1207 1680 pretium
1231 1638 1344 1671 salutis

905 1687 1207 1728 Sacramentumque
1231 1686 1360 1718 virtutis

952 1735 1104 1776 Dignaris
1130 1735 1278 1774 educere,

904 1782 990 1815 Dum
1014 1791 1165 1814 mucrone
1187 1780 1384 1822 perforatur,

905 1831 1008 1862 Amor
1033 1830 1139 1862 cordis
1167 1830 1350 1862 declaratur

954 1877 1082 1910 Lateris
1108 1875 1275 1916 foramine,

906 1924 952 1958 Et
977 1933 1016 1956 ex
1039 1923 1129 1957 fonte
1153 1925 1283 1964 piet-atis

908 1972 1007 2005 Unda
1031 1981 1126 2005 verae
1150 1972 1299 2005 sanitatis

956 2018 1072 2052 Effluit
1097 2029 1167 2052 cum
1193 2020 1356 2060 sanguine.

912 2091 996 2131 16511,
1022 2094 1110 2123 tuam
1135 2092 1291 2133 pietatem

912 2139 976 2171 Per
1000 2139 1083 2172 hanc
1105 2140 1220 2172 miram
1247 2140 1413 2172 caritatem

959 2187 1126 2227 Deprecor
1150 2188 1313 2231 attentius,

913 2234 1028 2267 Omnes
1055 2235 1160 2267 cordis
1187 2236 1362 2267 emundare

915 2282 1033 2315 Sordes
1062 2283 1235 2315 elementer
1261 2283 1394 2324 dignare

963 2332 1054 2366 Intus
1081 2334 1113 2363 et
1138 2331 1296 2373 exterius3
