1651 2606
734 114 968 149 444...

894 210 949 242 42.
976 209 1015 241 In
1042 210 1075 239 te
1100 208 1167 240 solo
1192 207 1400 248 requiescam,

213 214 269 248 41.
296 214 406 246 Talem
430 217 556 254 gestans
581 213 614 245 in
640 221 690 243 me
714 211 811 243 vitem

975 256 1012 288 In
1038 257 1070 287 te
1094 253 1226 295 flagrem
1248 263 1308 287 nec
1333 255 1506 294 tepescam,

294 262 416 294 Tristes
433 261 543 293 mortis
571 259 692 292 fructus
712 258 820 298 vitem,

295 310 431 342 Domum
460 308 638 348 spiritalem
664 306 760 338 ditem

340 356 435 389 Vitae
459 355 545 387 dulci
569 354 719 395 germine.

295 403 360 436 Sim
385 402 500 442 fidelis,
529 404 643 444 castus,
669 399 786 439 suavis,

294 450 413 490 Mente,
440 449 547 491 verbo,
575 447 659 480 facto
685 447 802 487 gravis,

294 497 461 537 Nunquam
478 504 528 527 me
547 495 730 534 coniungam
747 502 820 533 pra-

597 542 656 582 vis,

339 590 451 623 Vivam
476 589 544 621 sine
569 588 710 622 crimine.

974 303 1028 334 Ad
1054 305 1087 334 te
1104 311 1229 334 curram
1245 310 1306 333 nec
1321 301 1505 343 lassescam,

1024 349 1171 390 Credam,
1198 358 1334 392 sperem,
1365 348 1506 389 diligam.

976 397 1030 430 Sic
1053 399 1166 430 exutus
1193 405 1289 429 carne
1312 396 1404 436 gravi

972 446 1091 478 Laetus
1116 443 1233 485 fungar
1256 445 1328 476 luce
1353 443 1443 475 suavi

972 493 1106 532 Hocque
1131 495 1252 534 tenens,
1280 491 1366 531 quod
1384 491 1502 534 optavi,

1021 540 1117 573 Ultra
1141 540 1222 572 nihil
1249 539 1374 580 eligam.

274 656 345 683 Clm.
368 654 512 681 Monacen
532 651 615 681 2600.
636 651 687 689 (ol.
706 650 900 689 Alrispacen.)
922 661 998 680 saec.
1021 650 1065 680 13.

633 745 679 776 32.
715 745 762 776 Ad
784 745 936 777 Christum
958 744 1075 776 Oratio.

213 819 244 850 1.
271 818 353 856 Iesu,
382 816 484 848 dulcis
511 818 542 848 et
568 817 692 857 decore,

267 864 345 896 Flos
370 864 507 896 odorans
532 864 612 896 miro
637 873 736 904 more,

268 911 390 951 Sponse
413 920 501 942 meus
527 920 681 955 amorose,

268 958 370 998 Super
394 958 521 990 modum
547 959 700 999 speciose,

316 1005 442 1037 Dilecte
467 1006 510 1036 mi
537 1006 760 1050 pulcherrime,

268 1052 344 1093 Ubi,
370 1061 497 1093 quaeso,
527 1053 714 1095 demoraris,

267 1099 332 1133 Ubi
357 1100 415 1140 vis,
442 1102 479 1131 ut
501 1101 709 1144 perquiraris,

267 1146 332 1179 Ubi
357 1147 453 1179 cubas
480 1150 512 1178 et
535 1148 682 1187 quiescis,

270 1193 329 1232 Qui
353 1194 401 1225 sic
425 1194 511 1234 sapis
537 1197 569 1226 et
594 1195 759 1236 dulcescis,

317 1241 342 1273 Ο
370 1241 471 1273 dulcis
497 1251 593 1281 sapor
618 1243 751 1275 animae.

236 1334 244 1342 .
270 1307 376 1339 Trahe
398 1317 457 1350 me,
485 1317 503 1339 o
529 1309 574 1339 mi
599 1309 724 1349 dilecte,

268 1354 409 1386 Mentem
431 1364 534 1387 meam
559 1356 592 1387 in
616 1359 649 1387 te
673 1355 776 1397 flecte,

269 1401 337 1433 Tuo
364 1405 471 1434 currat
495 1403 528 1434 in
553 1403 661 1444 odore,

269 1448 416 1489 Fatigato
442 1458 520 1489 prae
545 1459 652 1482 amore

315 1495 366 1527 Da
390 1505 516 1528 manum
535 1498 658 1530 dicens:
678 1507 820 1538 sequere.

269 1538 352 1574 Vide
376 1547 522 1588 mentem,
551 1554 631 1585 quae
656 1548 688 1577 te
712 1546 801 1577 videt

272 1589 367 1622 Cuius
393 1599 448 1623 cor
472 1592 514 1623 ad
539 1594 571 1623 te
595 1593 750 1634 subridet,

269 1637 400 1669 Nullam
426 1647 533 1671 curam
559 1640 657 1671 habet
680 1641 740 1681 sui,

271 1685 317 1717 Ut
342 1685 457 1718 dilecto
481 1687 583 1726 possit
608 1686 682 1729 frui,

318 1732 342 1764 O
370 1740 442 1764 care
466 1734 519 1773 mi,
547 1737 739 1767 convertere.

236 1814 244 1822 .
268 1788 348 1820 Esto
373 1789 460 1830 mihi,
487 1790 608 1830 simque
632 1791 701 1835 tibi,

270 1835 335 1868 Ubi
360 1836 465 1880 cubas,
492 1837 551 1869 sim
577 1841 609 1869 et
631 1839 687 1879 ibi,

269 1883 343 1915 Meo
368 1893 490 1915 mecum
515 1885 558 1916 sis
582 1886 615 1917 in
640 1886 723 1918 lecto

269 1931 320 1962 Ac
342 1931 400 1963 sub
424 1941 487 1963 uno
512 1932 608 1964 simus
633 1935 728 1974 tecto,

318 1977 367 2009 Sit
390 1979 491 2010 lectus
516 1981 624 2011 noster
647 1979 792 2014 floridus.

271 2024 391 2057 Domus
416 2028 526 2058 nostra
549 2027 664 2067 liliosa,

269 2072 416 2104 Delicata
441 2074 484 2104 sit
508 2076 543 2105 ut
564 2083 647 2115 rosa,

270 2119 354 2152 Nam
379 2124 411 2151 01
434 2124 542 2152 noster
566 2124 615 2153 est
640 2123 773 2155 dilectus

270 2168 409 2199 Pulcher
432 2170 518 2200 totus
544 2171 576 2199 et
600 2168 772 2213 perfectus,

315 2215 523 2247 Rubicundus
548 2218 579 2247 et
602 2217 768 2252 candiduS.

803 1572 810 1588 2

893 818 925 849 4.
952 815 1195 858 Appropinqua,
1223 814 1306 855 veni,
1334 823 1418 856 care,

954 863 1032 896 Cum
1057 865 1185 894 amante
1211 862 1390 901 convivare,

949 911 1001 943 Ne
1026 909 1184 942 offendam
1205 913 1238 941 te
1263 910 1409 950 amicum,

949 958 1051 998 Tolle,
1079 957 1235 997 quidquid
1260 960 1310 989 est
1333 957 1485 998 iniquum,

997 1005 1047 1037 De
1074 1005 1180 1037 cordis
1204 1005 1267 1036 mei
1293 1005 1410 1039 medio.

952 1053 1051 1086 Omne
1075 1053 1192 1084 bonum
1218 1053 1258 1085 de
1281 1055 1315 1084 te
1337 1060 1442 1094 spero,

953 1100 1057 1133 Corde
1082 1099 1173 1131 fruar
1197 1102 1230 1131 te
1255 1100 1393 1140 sincero,

950 1148 1001 1180 De
1025 1156 1076 1179 me
1097 1156 1173 1179 vero
1198 1148 1245 1179 nil
1269 1156 1448 1189 praesumo,

951 1195 1047 1228 Cuius
1072 1195 1139 1228 vita
1164 1204 1225 1235 par
1250 1198 1300 1227 est
1323 1194 1422 1235 fumo,

997 1243 1047 1275 Tu
1064 1243 1127 1275 scis
1144 1243 1178 1274 in
1194 1251 1257 1285 me,
1284 1243 1369 1283 quod
1388 1243 1508 1278 nescio.

893 1310 923 1342 5.
947 1309 1045 1349 Ergo,
1071 1309 1156 1351 Iesu,
1182 1309 1267 1352 veni,
1293 1309 1385 1349 bone,

950 1358 990 1389 In
1015 1366 1070 1389 cor
1089 1366 1194 1388 meum
1220 1359 1253 1389 te
1278 1366 1440 1400 compone,

950 1404 1030 1436 Esto
1054 1413 1177 1436 mecum
1202 1405 1236 1437 in
1261 1405 1322 1438 hac
1347 1405 1427 1448 vice,

951 1452 976 1484 O
1004 1452 1121 1484 dilecte
1144 1452 1188 1484 mi
1213 1453 1324 1494 amice,

1000 1499 1053 1531 Sic
1077 1500 1197 1540 venias,
1222 1503 1259 1532 ut
1283 1500 1431 1534 sentiam.

950 1546 1019 1578 lam
1044 1556 1099 1579 cor
1123 1556 1228 1579 meum
1255 1548 1417 1592 dilatetur,

948 1594 994 1626 Et
1018 1593 1149 1626 affectus
1174 1594 1400 1636 inflammetur,

951 1642 1076 1675 Sentiat
1099 1645 1133 1674 te
1157 1644 1348 1683 venientem,

951 1688 1083 1729 Semper
1106 1699 1230 1723 mecum
1256 1693 1507 1731 permanentem,

999 1738 1190 1778 Praegustet
1213 1748 1344 1772 suavem
1362 1739 1506 1780 gratiam.

891 1796 923 1828 6.
950 1795 998 1828 Ut
1022 1804 1094 1827 011111
1119 1794 1208 1828 fonte
1231 1797 1438 1830 lacrimarum

956 1843 1020 1875 Gor
1043 1844 1214 1876 contritum
1240 1848 1272 1876 et
1296 1854 1438 1877 amarum

953 1889 1022 1921 Tuo
1047 1893 1157 1922 sancto
1183 1892 1216 1923 in
1242 1893 1338 1925 altari

948 1936 1134 1969 Delectetur
1161 1939 1286 1979 epulari

998 1984 1126 2017 Affectu
1151 1988 1260 2019 tantae
1284 1988 1420 2023 hostiae.

954 2032 979 2064 Ο
1006 2041 1100 2071 quam
1127 2033 1229 2066 dulcis
1254 2035 1308 2067 hic
1333 2035 1476 2077 affectuS,

952 2078 1018 2117 Quo
1046 2080 1202 2113 dulcescit
1225 2092 1329 2115 meum
1354 2088 1479 2127 pectus,

951 2126 1094 2159 Blandus
1120 2137 1210 2162 amor
1235 2134 1331 2172 atque
1358 2132 1440 2164 lenis

952 2173 1053 2207 Natat
1076 2177 1155 2208 meis
1181 2178 1246 2210 iam
1270 2179 1305 2211 in
1328 2180 1429 2221 veniS,

1002 2222 1026 2255 O
1053 2225 1162 2256 tantae
1186 2229 1293 2267 grates
1316 2228 1457 2268 gratiae!

274 2280 343 2308 Cod.
364 2280 394 2309 S.
414 2281 495 2308 Petri
517 2280 652 2309 Salisbur
673 2291 717 2310 en.
738 2284 757 2311 b
777 2284 836 2312 v11
856 2283 901 2313 10.
922 2295 998 2315 saec.
1023 2286 1068 2316 15.
1084 2290 1118 2318 A.
1141 2305 1175 2310 -—
1199 2291 1270 2319 Cod.
1288 2293 1383 2321 Palat.
1399 2294 1512 2322 Vindo-

196 2319 299 2346 bonen.
324 2318 374 2354 (01.
402 2318 600 2355 Lunaelaceu)
627 2291 711 2348 3548.
739 2330 815 2350 saec.
843 2321 886 2351 15.
912 2325 945 2352 B.
969 2341 1008 2345 -
1035 2326 1116 2355 Orat.
1143 2338 1197 2357 ms.
1222 2331 1405 2366 Tegurinum
1432 2341 1510 2361 saec.

196 2354 240 2384 15.
262 2356 335 2384 Clm.
355 2358 507 2385 Monacen.
527 2355 636 2386 20001.
659 2359 690 2386 G.
712 2376 748 2380 —
769 2361 848 2388 Orat.
862 2371 916 2389 ms.
931 2363 1118 2394 Lehninense
1140 2369 1211 2395 anni
1228 2366 1310 2396 1518.
1333 2370 1404 2398 Cod.
1421 2372 1511 2399 Bero-

195 2395 277 2423 linen
296 2395 350 2424 IVc
373 2393 418 2424 29.
440 2396 477 2423 D.
497 2410 536 2415 ——
555 2395 626 2424 Clm.
649 2397 801 2426 Monacen.
822 2397 870 2436 (01.
891 2401 1041 2438 Tegurin.)
1062 2403 1170 2433 19824.
1191 2414 1267 2434 saec.
1291 2406 1336 2435 15.
1357 2409 1393 2436 Ε.
