1651 2606
724 101 957 137 *31*

173 195 205 226 3.
231 195 322 227 Iesus
347 205 436 228 amor
461 197 642 238 salvatoris,
857 201 888 231 4.
914 200 1004 231 Iesus
1030 201 1149 231 tremor
1174 199 1380 238 infernorum,

230 242 375 275 Christus
400 246 528 276 sanctus
555 247 586 276 et
607 246 723 287 suavis,
916 246 1060 280 Christus
1085 256 1174 279 amor
1199 247 1371 288 beatorum,

278 289 440 330 Spiritalis
463 293 581 334 unctio,
962 294 1130 326 Viatorum
1152 295 1315 336 solacium,

231 339 322 370 Iesus
350 338 504 381 Christus,
529 340 585 372 lux
610 340 744 381 Mariae,
913 342 1002 374 Iesus
1026 347 1120 381 porta
1144 342 1379 383 salvandorum,

230 385 371 418 Grandis
396 386 498 418 honor
521 387 633 419 matris
658 389 740 429 piae,
911 389 997 421 Laus
1023 392 1053 420 et
1078 389 1231 430 splendor
1255 390 1447 429 angelorum.

279 433 361 472 Iesu,
388 436 499 466 nostra
523 435 710 474 redemptio.
961 436 1093 468 Pietatis
1114 437 1278 476 palatium.

513 511 543 542 5.
571 511 633 542 Per
661 510 722 542 hoc
745 519 859 543 nomen
883 510 1124 551 inflammamur,

572 555 764 590 1nflammati
788 558 991 592 sublevamur

615 605 669 637 Ad
695 609 824 637 aeterna
849 607 966 649 sidera,

570 653 635 685 Per
659 653 718 684 hoc
742 662 856 685 nomen
884 662 1081 700 coronamur,

570 700 721 733 Coronati
744 700 917 741 gloriamur

617 747 655 779 In
675 747 820 788 paradisi
840 749 951 789 gloria.

235 831 314 859 Orat.
334 839 388 859 ms.
406 830 499 867 Capit.
513 832 649 860 Toletani
670 830 790 860 34—71.
812 841 886 860 saec.
910 831 982 860 15116.
996 847 1034 851 -
1048 832 1074 867 5,
1089 832 1106 862 3
1127 835 1247 862 aeterna
1267 834 1341 861 caeli
1361 835 1456 862 sidera

574 979 621 1011 25.
657 980 698 1011 De
716 978 895 1020 Epiphania
915 980 1046 1012 Domini.

168 1069 198 1100 1.
226 1069 250 1101 O
276 1071 353 1099 nata
374 1068 431 1099 lux
457 1067 497 1099 de
522 1068 651 1108 lumine,
873 1072 903 1104 6.
930 1070 1088 1110 Transste,
1114 1070 1219 1109 inquit
1242 1069 1429 1102 Bethlehem

224 1116 309 1148 Miro
336 1116 514 1147 clarescens
540 1115 662 1157 ordine,
928 1117 972 1150 Et
997 1117 1139 1157 quaerite
1159 1117 1317 1150 Christum
1341 1126 1456 1159 regem,

221 1163 414 1203 Apparuisti
438 1162 535 1194 hodie
933 1164 1109 1205 Diligenter
1132 1165 1283 1205 indagate

221 1211 324 1243 Homo
348 1213 442 1242 natus
469 1210 510 1242 de
534 1210 666 1252 virgine.
927 1212 971 1245 Et
995 1213 1123 1244 invento
1148 1213 1303 1244 nuntiate.

164 1287 195 1320 2.
221 1287 267 1319 Et
289 1287 375 1327 magi
399 1286 494 1318 stella
518 1287 644 1319 lucente
874 1290 905 1321 7.
933 1288 1071 1328 Cumque
1095 1287 1259 1321 Herodem
1284 1288 1447 1320 audissent

224 1334 366 1366 Veniunt
393 1334 433 1366 de
457 1334 590 1376 oriente,
930 1336 975 1369 Et
1000 1336 1039 1367 ab
1067 1345 1102 1367 eo
1129 1336 1344 1373 recessissent,

224 1383 263 1414 In
287 1381 493 1422 Ierosolymis
520 1383 676 1421 quaerunt
933 1382 1065 1415 Stellam
1090 1384 1206 1414 iterum
1232 1383 1382 1415 viderunt

221 1428 622 1470 TeChriste‚quemnatum
632 1429 775 1463 credunt.
929 1430 975 1463 Et
997 1439 1131 1470 puerum
1156 1430 1357 1462 invenerunt.

165 1507 198 1538 3.
224 1505 315 1537 Tunc
339 1505 487 1537 Herodes
512 1514 548 1537 se
571 1505 714 1537 turbavit
874 1509 904 1541 8,
933 1505 1125 1538 Gaudebant
1152 1515 1265 1546 magno
1290 1506 1416 1546 gaudio,

222 1553 267 1585 Et
291 1553 414 1585 scribas
437 1553 478 1585 ad
504 1562 540 1584 se
564 1554 701 1594 vocavit,
931 1553 1017 1586 Dum
1043 1556 1175 1585 cernunt,
1198 1554 1231 1585 in
1257 1554 1381 1593 tugurio

223 1600 385 1640 Quatenus
411 1600 638 1639 sciscitaretur,
933 1600 1103 1645 Christum,
1123 1602 1175 1640 qui
1194 1604 1307 1642 regnat,
1323 1601 1354 1632 in
1375 1602 1462 1633 caele

223 1648 290 1682 Ubi
316 1648 463 1681 Christus
488 1651 683 1681 nasceretur.
931 1649 1094 1682 Iacentem
1118 1648 1152 1679 in
1176 1649 1374 1689 praesaepio.

166 1727 198 1758 4.
226 1725 484 1766 Responderunt,
511 1727 547 1756 ut
563 1727 611 1757 est,
627 1724 778 1764 scriptum
875 1727 907 1759 9.
933 1725 1087 1757 Videntes
1110 1724 1323 1756 adoraverunt

222 1773 268 1805 Et
291 1782 311 1804 a
335 1773 502 1813 prophetis
527 1771 738 1814 praedictum,
932 1773 977 1806 Et
1000 1781 1133 1805 munera
1157 1772 1350 1815 obtulerunt,

226 1820 316 1860 Quod
343 1821 383 1853 de
408 1820 595 1853 Bethlehem
622 1820 707 1851 exiet
935 1821 987 1853 Ad
1012 1829 1119 1861 regem
1143 1829 1206 1851 non
1232 1820 1406 1860 redierunt,

224 1868 309 1908 DuX,
337 1869 391 1909 qui
415 1868 543 1909 plebem
570 1867 631 1900 Dei
655 1870 755 1908 reget.
934 1868 997 1901 Sed
1022 1867 1147 1901 Herodi
1170 1868 1349 1900 illuserunt.

159 1947 191 1978 5.
218 1945 309 1977 Tunc
331 1944 480 1978 Herodes
504 1947 629 1986 tempus
654 1946 777 1987 stellae,
850 1946 905 1979 10.
930 1945 1110 1986 Monitique
1131 1944 1170 1976 ab
1197 1944 1309 1986 angelo

217 1992 358 2033 Fingens
384 1994 521 2026 adorare
547 1995 639 2033 velle,
932 1993 1068 2026 lubente
1093 1992 1221 2027 Christo
1246 1993 1383 2025 Domino

223 2040 287 2073 Sub
316 2041 387 2073 dolo
413 2051 433 2075 a
457 2042 557 2082 magis
583 2041 718 2083 quaerit,
932 2041 985 2074 Ad
1010 2041 1143 2082 propria
1167 2041 1333 2073 redierunt

223 2088 305 2121 Dum
332 2088 490 2121 Christum
517 2089 626 2122 necari
652 2090 750 2130 cupit.
932 2089 997 2122 Per
1010 2090 1104 2131 viam,
1119 2098 1211 2129 quam
1225 2097 1288 2121 non
1303 2089 1465 2120 venerunt.

551 2168 604 2200 11.
634 2166 747 2200 Gloria
771 2166 842 2207 tibi,
868 2166 1014 2206 Domine,

629 2215 690 2253 Qui
715 2214 810 2247 stella
837 2214 918 2246 duce
942 2214 1071 2255 regibus

632 2263 825 2304 Apparuisti
844 2262 941 2295 hodie

632 2311 758 2344 Devote
780 2313 813 2342 te
839 2310 1075 2352 quaerentibus.

222 2397 303 2426 Orat.
325 2406 379 2425 ms.
402 2398 573 2426 Thosanum
596 2405 672 2426 saec.
696 2397 739 2427 15.
781 2396 853 2424 Cod.
873 2396 1042 2426 Bruxellen.
1062 2392 1148 2424 4948.
