1653 2608
643 89 893 127 “149—

132 188 164 222 5.
189 189 312 221 Tantus
339 188 430 221 dolor
455 187 641 230 abundavit,

191 236 253 276 Qui
276 240 310 268 te
333 238 434 268 totam
460 238 692 277 conquassavit,

190 283 255 316 Sed
280 287 314 315 et
335 288 442 316 mente
464 284 596 317 laniavit

237 331 395 364 Scindens
419 335 509 364 tuum
531 332 679 377 animum,

189 379 238 411 Tu
262 379 395 413 videbas
420 380 595 421 patientem

192 426 355 459 Christum
381 437 507 460 crucem
533 426 729 460 deferentem

236 522 291 555 Ad
316 523 516 563 perdendum
540 522 677 555 unicum.

157 605 165 611 .
193 580 271 613 Post
295 580 356 613 hoc
382 580 527 613 Christus
555 579 736 611 denudatur

238 722 284 755 Ut
307 722 450 755 salvetur
475 723 654 760 saeculum;

189 771 253 803 Per
277 779 390 803 manus
415 771 486 811 ipse
509 770 681 812 pendebat,

191 818 251 858 Qui
276 819 340 851 iam
364 818 515 850 mundum
542 818 730 860 redimebat,

192 865 266 898 Tibi
290 868 394 898 mater
420 866 610 898 condolebat

238 914 302 946 Per
328 913 433 946 cordis
458 914 651 946 incendium.

156 996 163 1003 .
191 971 294 1003 Nimis
322 972 401 1004 dure
427 974 461 1003 tu
485 971 635 1011 plorabas

190 1018 235 1051 Et
260 1022 292 1051 te
317 1021 415 1051 totam
441 1018 596 1058 laniabas,

192 1066 272 1105 Quia
298 1066 454 1108 Christus,
488 1074 578 1106 quem
605 1065 745 1106 amabas,

239 1115 381 1148 Ferebat
405 1113 618 1155 supplicium3

192 1161 263 1195 Non
290 1165 339 1194 est
363 1161 489 1205 mirum,
517 1170 534 1193 0
561 1161 686 1202 decora,

188 1209 223 1242 Si
247 1209 398 1249 plorabas
424 1208 494 1241 sine
517 1218 616 1249 mora,

195 1258 263 1291 Iam
293 1258 425 1290 videbas
449 1257 507 1289 illa
531 1257 611 1289 hora

244 1304 434 1346 Sanguinem
462 1303 704 1337 sanctissimum.

196 1361 266 1389 Cod.
295 1361 481 1389 Vallicellan.
502 1361 526 1388 B
553 1358 597 1387 75.
626 1367 702 1388 saec.
733 1358 776 1387 14.
804 1374 841 1379 —-
865 1358 896 1395 2,
918 1357 936 1387 8
963 1363 1065 1395 spectu
1091 1359 1172 1387 fehlt.

119 1400 226 1428 cordis.
246 1415 284 1420 —-
305 1397 350 1435 10,
373 1398 392 1426 2
410 1399 453 1427 Et
471 1400 503 1427 in
523 1401 634 1426 ventre.

820 972 836 1004 1

839 190 871 224 8.
895 190 972 223 Post
983 189 1064 221 haec
1076 189 1222 222 Christus
1236 190 1430 222 exclamavit

897 237 942 269 Et
964 237 997 269 in
1024 245 1119 269 cruce
1143 237 1332 277 exspiravit,

897 285 951 317 Sol
978 293 1013 316 se
1035 286 1137 317 totum
1161 284 1354 324 obscuravit,

945 332 1042 372 Quasi
1064 332 1176 373 lugens
1200 332 1391 369 Dominum

899 382 923 414 O
948 381 1017 421 quis
1043 380 1145 421 possit
1168 380 1316 421 cogitare,

899 429 1058 468 Quaenam
1083 428 1191 469 lingua
1220 428 1392 468 explicare,

899 476 998 515 Quam
1020 478 1055 507 tu
1074 474 1173 508 flebas
1198 478 1274 508 tunc
1298 484 1406 508 amare

945 523 1066 555 Videns
1091 523 1302 564 unigenitum!

841 581 874 614 9.
900 580 1025 621 Stabas,
1052 579 1152 621 virgo,
1179 589 1249 612 cum
1275 580 1386 612 dolore

897 628 991 660 quta
1015 636 1140 660 crucem
1166 637 1235 661 cum
1260 636 1414 668 maerore,

901 676 997 715 Quasi
1021 676 1112 717 virga
1139 677 1208 709 sine
1231 674 1310 708 flore

945 723 990 755 Et
1014 724 1162 756 amittens
1186 723 1298 766 lilium,

899 771 968 803 Nec
996 780 1016 803 a
1042 780 1135 803 cruce
1160 771 1333 803 recedebas

898 819 943 850 Et
965 819 999 851 in
1025 819 1122 851 corde
1145 818 1332 859 perferebas

903 891 1320 900 ........

945 913 1108 945 Passionis
1133 914 1292 954 poculum.

843 971 874 1004 O.
901 971 991 1003 Intus
1023 979 1092 1002 eras
1119 970 1260 1004 cruciata

899 1017 944 1049 Et
969 1018 1002 1049 in
1025 1020 1133 1050 mente
1156 1018 1332 1061 vulnerata,

901 1065 984 1098 Tota
1007 1074 1132 1106 quoque
1158 1066 1324 1106 denigrata

947 1113 1090 1145 Perdens
1115 1113 1235 1146 vultum
1261 1122 1395 1155 roseum,

899 1160 1005 1193 Duras
1029 1161 1142 1202 plagas
1169 1162 1241 1194 Iesu
1269 1161 1387 1194 Christi

901 1207 976 1240 Sola
1002 1209 1098 1241 corde
1122 1209 1296 1250 pertulisti,

901 1256 985 1289 Vere
1009 1259 1132 1296 martyr
1155 1259 1191 1288 tu
1215 1255 1305 1289 fuisti

948 1304 1010 1336 Per
1041 1303 1159 1336 doloris
1184 1304 1335 1346 gladium.

1218 1378 1233 1381 -
1263 1358 1295 1395 4,
1315 1359 1335 1388 4
1356 1360 1432 1388 Prae

533 1481 595 1514 152,
623 1482 668 1513 De
688 1482 905 1522 compassione
924 1481 1014 1514 BMV.

131 1556 161 1590 1.
190 1553 353 1587 Gabrielis
379 1561 440 1586 vox
465 1553 506 1585 de
531 1553 627 1585 caelis

190 1601 360 1642 Salutavit,
388 1609 479 1642 quam
506 1600 626 1634 amavit

237 1649 300 1682 Dei
327 1649 527 1690 excellentia,

186 1698 308 1730 Dicens
333 1706 402 1737 ave,
436 1697 565 1729 verbum
591 1705 698 1741 suave,

187 1745 290 1788 Virgo
316 1748 384 1777 tota
408 1745 483 1777 labe
505 1745 583 1785 lota,

236 1793 340 1826 Plena
364 1793 530 1834 sapientia.

155 1876 161 1883 .
188 1851 297 1885 Mater
324 1849 371 1884 fui
395 1859 477 1883 novo
502 1859 590 1883 more

187 1899 377 1934 Fecundata
401 1907 493 1931 sacro
518 1907 592 1931 rore

236 1947 387 1981 Gabriele
412 1948 533 1988 nuntio,

187 1996 289 2030 Genui
314 1996 384 2028 sine
409 1995 519 2028 dolore

183 2045 425 2084 Reservatoque
447 2045 572 2084 pudore

234 2093 312 2126 Cum
339 2092 486 2125 candoris
509 2092 589 2125 lilio.

124 2174 155 2185 ,.
184 2151 346 2185 Christum
371 2150 445 2189 pavi
473 2158 542 2182 cum
569 2149 699 2191 honore,

181 2200 272 2233 Dans
298 2198 464 2239 amplexus
489 2206 556 2230 cum
580 2207 688 2230 amore

227 2248 275 2281 Et
299 2255 370 2279 cum
395 2246 491 2287 pleno
516 2247 642 2287 gaudio,

182 2297 277 2330 Nunc
302 2295 428 2336 repleta
452 2303 520 2327 sum
549 2295 667 2338 dolore,

183 2346 260 2379 Cum
285 2344 415 2385 privata
439 2352 507 2375 sum
534 2352 554 2375 a
578 2341 665 2382 flore,

227 2394 312 2437 Iesu,
339 2401 409 2425 meo
431 2390 507 2426 filie.

817 1554 850 1587 4.
878 1554 903 1586 O
928 1553 1058 1593 Iudaea,
1085 1552 1162 1593 quid
1187 1552 1310 1584 fecisti!

819 1852 838 1885 Εἰ(

875 1602 1004 1634 Prolem
1029 1609 1132 1633 meam
1157 1601 1298 1640 tenuisti,

923 1649 1024 1682 1stum
1049 1649 1117 1681 sine
1140 1649 1229 1689 vitio,

876 1697 981 1729 Iesum
1009 1697 1168 1730 Christum
1201 1697 1430 1738 condemnasti,

874 1745 1050 1778 Bai-rabam
1076 1745 1134 1777 sed
1158 1745 1304 1777 liberasti

923 1793 1024 1826 Reum
1050 1793 1233 1826 homicidio.

844 1878 850 1885 .
879 1850 999 1884 Christi
1026 1851 1146 1883 vultum
1171 1853 1205 1883 tu
1231 1851 1354 1892 velasti,

880 1897 1127 1943 ‚,Prophetiza“,
1154 1902 1189 1931 tu
1215 1899 1370 1939 clamasti,

926 1947 1044 1991 „Cuius
1068 1948 1150 1980 haec
1172 1944 1380 1988 percussio

872 1996 1020 2039 Illusisti,
1046 1994 1228 2037 flagellasti,

874 2044 1068 2087 Conspuisti,
1100 2044 1260 2077 coronasti

921 2093 1029 2134 Spinis
1056 2095 1087 2125 et
1112 2091 1296 2133 opprobrio.

837 2177 844 2183 .
872 2150 1005 2183 Crucem
1031 2150 1106 2183 hinc
1130 2150 1321 2190 imposuisti,

871 2199 989 2232 Vestes
1016 2199 1082 2231 eius
1113 2198 1253 2231 divisisti

915 2247 954 2281 'In
978 2249 1032 2280 tuo
1059 2245 1207 2286 collegio,

868 2295 997 2336 Manus,
1024 2295 1123 2335 pedes
1148 2292 1330 2334 perfodisti,

873 2343 969 2377 Cruci
997 2343 1160 2376 Christum
1185 2340 1321 2374 infixisti

919 2392 957 2425 1n
982 2392 1142 2425 latronum
1167 2390 1284 2423 medio.
