1653 2608
656 88 893 128 -73—

214 182 271 215 Vis
297 185 415 217 amoris
440 187 645 221 vehementer
905 190 1028 231 Corpus
1054 190 1161 223 sinens
1187 190 1234 222 sic
1257 191 1367 234 artari,

214 230 276 263 Gor
301 234 466 278 accendat,
503 237 539 267 ut
563 234 750 277 frequenter
902 238 949 270 Ut
972 238 1118 271 valerent
1142 239 1303 271 numerari

259 279 423 313 Producat
447 282 597 323 suspiria,
950 286 1031 319 Ossa
1060 294 1129 317 cum
1154 286 1319 319 lateribus.

211 326 250 358 In
275 329 308 359 ’ῦθ
333 336 462 383 sempe?
479 330 664 384 ‘dsslsssstefflr
818 343 873 376 15.
899 343 973 376 Iesu
999 343 1145 383 clemens,
1173 343 1212 376 ob
1238 352 1387 383 amorem,

210 374 319 415 Atque
344 377 400 429 ‘fua
426 379 580 432 VlSltsstUP·
898 390 997 423 Dirae
1021 391 1132 423 mortis
1158 390 1212 432 qui
1238 391 1381 423 dolorem

258 421 394 463 SaePfflS
418 429 613 465 praesessssla·
946 439 993 470 Te
1016 437 1094 470 fecit
1118 438 1292 479 suscipere,

128 477 184 512 13.
209 479 295 519 Iesu,
324 481 417 513 dulce
442 482 650 523 medicamen,
900 486 1001 518 Tuam
1026 495 1143 526 quaeso
1168 486 1331 526 pietatem,

207 525 289 559 Esto
317 529 422 561 cordis
450 530 651 562 consolamen
900 534 1006 566 Meam
1033 533 1105 565 dele
1128 533 1321 574 pravitatem

257 574 393 608 Pietatis
419 578 534 619 gratia,
944 581 1103 613 Bonitatis
1127 590 1275 620 munere3

208 621 329 655 Mentis
357 623 398 655 da
422 625 690 665 tranquillitatem
898 628 938 660 In
963 629 1108 661 adversis
1132 628 1318 670 patientem,

212 670 320 710 Atque
345 679 453 703 veram
476 672 651 713 puritatem
900 675 938 707 In
965 677 1076 708 dolore
1100 675 1153 708 fac
1177 677 1369 716 gaudentem

258 717 336 750 Cum
362 719 418 760 pia
443 721 632 762 constantia,
945 724 1016 756 Tua
1041 732 1091 755 me
1117 724 1294 767 clementia,

211 766 387 810 Cogitatus,
412 767 607 809 intellectus,
898 771 937 803 In
961 771 1110 803 secundis
1135 774 1357 812 temperatum,

208 813 328 855 Motus,
355 823 467 847 sensus
494 818 525 848 et
550 815 681 849 affectus
899 818 935 850 In
962 826 1105 850 maerore
1129 828 1192 851 non
1217 819 1389 856 turbatum,

254 862 325 894 Tua
352 863 560 902 providentia
944 865 1079 898 Laetum
1104 866 1137 897 in
1162 866 1289 900 iniuria.

207 909 412 943 Incessasstffl'
437 910 616 965 foveffnfsffl',
816 923 871 956 16.
897 922 980 962 Iesu,
1007 920 1077 954 fons
1105 922 1294 966 dilectionis,

205 956 261 988 Ad
285 960 318 989 te
343 966 470 998 semper
496 959 676 999 dirigantur
897 970 1007 1009 hgem
1032 971 1108 1001 tuae
1130 969 1289 1009 passionis

257 1004 371 1037 Cordis
398 1006 570 1039 desideria.
945 1016 997 1049 Da
1020 1016 1097 1047 mihi
1123 1016 1288 1049 victoriam

124 1061 179 1094 14.
207 1061 291 1102 Iesu,
321 1062 422 1095 dulcis
449 1064 493 1095 mi
518 1063 670 1106 salvator,
897 1063 1055 1104 Fideique
1079 1063 1263 1096 firmitatem

205 1109 282 1141 Pius
308 1109 395 1142 orbis
421 1113 598 1152 reparator,
895 1111 940 1143 Et
968 1110 1145 1151 perfectam
1172 1111 1336 1143 caritatem

254 1157 313 1197 Qui
338 1158 421 1189 mira
445 1159 615 1191 clementia
946 1160 1084 1199 Speique
1109 1158 1268 1199 fiduciam,

208 1204 332 1246 Corpus
357 1207 446 1237 tuum
471 1206 689 1239 venerandum
895 1206 964 1238 Fac
987 1215 1038 1238 me
1062 1207 1149 1239 vitiis
1175 1206 1362 1240 mundatum

205 1252 387 1286 Tradidisti
413 1254 619 1286 cruciandum
895 1254 940 1286 Et
964 1254 1135 1286 virtutibus
1163 1254 1297 1286 ditatum

253 1301 307 1332 Ad
334 1301 438 1333 erucis
463 1302 633 1344 supplicia,
942 1302 1022 1333 Post
1045 1310 1199 1341 praesens
1224 1302 1371 1333 exsilium

205 1347 402 1381 Potestatem
427 1349 586 1389 praebens
610 1349 719 1389 pravis
896 1349 950 1380 Ad
975 1349 1147 1381 iucundum
1173 1350 1338 1381 beatorum

205 1396 367 1429 Laniandi
392 1397 536 1429 membra
562 1396 661 1429 clavis
899 1395 1087 1436 Civiumque
1112 1405 1321 1436 supernorum

249 1443 412 1484 Durisque
436 1444 636 1486 verberibus,
944 1444 1060 1475 Venire
1086 1444 1288 1476 consortium.

185 1499 266 1528 Orat.
288 1509 341 1529 ms.
361 1508 438 1528 saec.
461 1499 506 1529 15.
548 1500 617 1528 Cod.
639 1500 805 1529 Londinen.
826 1500 911 1528 Harl.
933 1497 1019 1528 2445.

478 1593 525 1625 58.
556 1592 686 1625 Gai-men
709 1592 746 1624 (le
765 1592 915 1624 passione
934 1590 1065 1624 Domini.

123 1653 153 1686 1.
180 1653 235 1686 Ad
260 1653 414 1686 honorem
438 1653 576 1686 nominis
811 1656 841 1688 3.
869 1653 950 1685 Post
979 1653 1079 1686 asello
1105 1652 1241 1693 vehitur,

227 1702 284 1742 tui,
311 1702 386 1734 Iesu
411 1699 549 1745 Christe,
918 1703 954 1733 ut
977 1710 1035 1733 rex
1060 1700 1243 1743 honoratur,

178 1749 343 1783 Passionis
369 1749 515 1781 ordinem
870 1750 1089 1782 Praenoscens
1115 1748 1276 1781 excidium

225 1797 310 1830 liber
335 1797 439 1830 tradit
460 1798 534 1838 iste,
917 1796 1008 1828 urbis
1031 1796 1228 1839 lacrimatur,

180 1845 270 1879 Sicut
293 1846 341 1878 rei
367 1846 484 1878 seriem
870 1845 1055 1878 Vendentes
1082 1844 1199 1877 eiciens

227 1894 305 1927 dant
330 1894 557 1935 evangelistae,
916 1893 1071 1933 templum
1097 1894 1277 1933 veneratur,

177 1941 351 1975 Narrando
376 1942 538 1983 supplicia
869 1940 947 1973 Sero
974 1941 1233 1981 circumspiciens

227 1990 330 2023 dulcis
356 1991 532 2032 agonistae.
917 2000 937 2022 a
961 1988 1051 2022 nullo
1077 1992 1219 2021 vocatur.

117 2050 148 2083 2.
174 2049 264 2081 Iesus
290 2049 324 2081 in
349 2048 509 2082 Bethania
810 2048 843 2080 4.
868 2047 1001 2078 Arescit
1024 2044 1161 2078 ficulnea

224 2098 356 2130 castello
383 2096 528 2138 cenabat,
915 2094 1052 2127 Domino
1076 2093 1219 2134 iubente,

173 2145 406 2178 Discumbente
429 2144 555 2177 Lazaro
869 2142 956 2182 Quae
980 2142 1026 2174 nil
1051 2144 1181 2182 praeter
1206 2139 1285 2172 folia

222 2193 356 2226 Martha
380 2191 595 2233 ministrabat,
915 2189 1060 2230 protulit,
1087 2191 1230 2229 repente,

175 2241 298 2276 Christi
324 2242 421 2281 caput
444 2248 565 2281 ungere
866 2238 1044 2270 Adducunt
1067 2237 1246 2270 adulteram

218 2290 328 2323 Maria
354 2288 498 2327 curabat,
914 2294 1064 2326 proceres
1089 2294 1153 2317 non
1179 2285 1274 2324 lente,

170 2339 221 2372 De
246 2348 308 2379 quo
332 2338 434 2372 Iudas
459 2335 609 2377 proditor
868 2334 932 2367 Sed
957 2333 1112 2366 recedunt
1136 2331 1252 2372 singuli

223 2387 336 2421 dolens
360 2383 593 2419 murmurabat.
913 2381 1050 2414 Domino
1076 2380 1246 2412 scribente.
