1651 2606
690 55 947 91 -194-

594 152 652 185 186.
686 151 729 183 De
747 149 803 181 XV
824 147 949 180 Gaudiis
969 148 1057 180 BMV.

206 244 213 251 .
242 219 363 261 Gaude,
388 220 475 260 virgo
501 218 647 259 gloriosa,

240 267 348 306 Stirpe
371 270 446 300 nata
469 273 630 306 generosa,

239 314 334 347 Cuius
360 316 469 347 sancta
492 311 641 344 nativitas

240 363 300 395 Est
325 361 510 402 gaudiorum
535 358 658 391 novitas

240 410 319 442 Tam
341 407 457 440 infimis
481 415 575 446 quam
599 403 742 445 superis,

240 457 393 489 Succurre
416 454 507 486 nobis
532 453 666 493 miseris,

238 504 282 535 Et
307 506 363 534 tua
387 502 547 542 generatio

239 551 289 583 Sit
312 550 409 590 digna
433 548 592 588 reparatio

240 598 335 630 Ortus
359 597 461 629 nostri
487 595 670 635 criminaliS,

244 645 321 677 Tuis
345 643 419 677 fove
441 652 500 676 nos
525 643 583 676 sub
609 643 679 675 alis.

207 728 214 735 .
242 701 363 742 Gaude,
389 701 478 742 virgo
504 701 652 742 gloriosa,

239 749 347 781 Radix
369 750 456 781 Iesse
481 748 634 788 speciosa,

241 796 336 829 Cuius
360 798 449 829 ortus
474 797 609 836 puritas,

238 844 332 877 Cuius
357 845 442 877 vitae
465 844 617 876 sanctitas

239 892 358 924 Lucem
382 891 472 924 dedit
496 892 633 931 saeculo,

240 940 279 972 In
302 942 335 971 te
359 948 431 971 nam
457 941 491 970 ut
514 939 547 971 in
574 939 704 979 speculo

242 987 327 1020 Pura
352 986 537 1026 resplendet
561 986 687 1026 caritas,

242 1034 414 1066 Humilitas
439 1036 472 1066 et
496 1033 644 1073 castitas,

242 1082 291 1113 Tu
313 1090 373 1122 per
396 1084 483 1113 tuam
507 1084 648 1113 sanctam
673 1081 771 1113 vitam

243 1129 349 1161 Vitam
374 1131 514 1161 nostram
538 1128 590 1161 fac
614 1129 755 1168 politam.

211 1212 219 1220 .
246 1186 366 1228 Gaude,
391 1186 480 1227 virgo
505 1186 652 1225 gloriosa,

246 1233 479 1275 Prophetarum
508 1236 595 1265 vetus
619 1242 725 1273 prosa,

248 1282 334 1321 Quae
356 1281 438 1312 illud
461 1280 532 1312 Ave
558 1281 708 1313 caelicum

247 1329 309 1360 Per
332 1328 474 1360 nuntium
500 1328 676 1369 angelicum

246 1375 320 1407 Sola
344 1376 426 1407 scire
450 1376 612 1415 meruisti;

243 1424 362 1455 Precor
385 1426 429 1462 te,
455 1432 473 1454 0
496 1432 614 1463 sponsa
639 1423 769 1464 Christi,

244 1471 308 1502 Per
332 1470 392 1502 1100
416 1471 567 1502 sollemne
592 1470 741 1511 gaudium

245 1517 292 1550 Ut
315 1518 350 1549 id
373 1518 443 1549 Ave
467 1515 651 1549 mellifluum

246 1565 300 1597 Ad
324 1565 451 1597 laudem
477 1568 507 1595 et
533 1564 574 1596 ad
600 1566 731 1606 gloriam

247 1612 320 1644 Tibi
342 1611 525 1653 frequenter
550 1611 687 1645 offeram.

212 1695 219 1701 .
247 1669 369 1712 Gaude,
395 1669 484 1709 virgo
509 1670 656 1709 gloriosa,

247 1715 350 1757 Virga
373 1718 483 1749 Aaron
508 1716 670 1758 frondosa,

247 1764 342 1797 Cuius
368 1764 463 1796 castis
490 1764 663 1796 visceribus

246 1811 295 1845 De
319 1812 497 1851 pneumatis
523 1812 670 1852 operibus

246 1859 333 1892 Deus
358 1868 455 1899 purus
482 1862 513 1890 et
537 1861 678 1891 sincerus

247 1907 309 1940 Est
333 1909 501 1946 conceptus
526 1907 619 1939 homo
642 1916 755 1949 verus;

247 1954 307 1995 Da,
333 1957 369 1985 ut
390 1953 481 1986 nobis
505 1957 576 1986 tuus
601 1956 691 1988 Iesus

249 2001 298 2034 Sit
320 2003 353 2034 in
378 2010 432 2033 ore
457 2002 560 2034 mellis
586 2011 666 2042 esus,

248 2049 288 2083 In
312 2058 388 2082 aure
412 2050 511 2082 melos
539 2050 672 2090 dulcius,

249 2098 288 2131 In
314 2097 409 2129 corde
434 2105 560 2137 semper
581 2097 707 2133 iubilus.

218 2182 225 2189 .
254 2154 375 2196 Gaude,
402 2154 490 2194 virgo
515 2154 662 2195 gloriosa,

248 2202 333 2235 Miro
358 2202 451 2234 modo
477 2203 626 2243 gratiosa,

247 2250 413 2283 Elisabeth
438 2258 508 2281 cum
532 2249 609 2290 filio,

249 2297 345 2330 Cuius
369 2298 518 2330 salutatio

251 2346 401 2387 Magnum
424 2345 545 2379 infudit
567 2346 734 2391 gaudium3

919 214 983 247 Per
1006 213 1088 246 illud
1111 213 1152 245 da
1177 211 1365 253 tripudium,

919 261 967 294 Ut
991 260 1104 293 relicta
1128 260 1193 293 fide
1215 259 1294 292 ficta

918 308 965 341 Te
990 318 1059 341 cum
1082 309 1174 349 prole
1198 306 1368 340 benedicta

919 356 1003 389 Puro
1028 356 1124 389 corde
1148 356 1321 390 salutemus

916 403 963 437 Et
985 405 1110 436 sincere
1133 404 1377 445 proclamemus.

883 485 889 492 -
918 461 1040 503 Gaude,
1067 462 1157 503 virgo
1182 460 1331 503 gloriosa,

914 510 1017 543 Terra.
1040 513 1150 542 sancta
1175 507 1348 547 fructuosa,

917 557 1000 590 Nam
1024 560 1060 589 tu
1084 558 1174 598 virgo
1199 555 1385 596 concepisti,

919 606 1016 647 Virgo
1040 614 1172 638 manens
1196 603 1364 646 peperisti,

917 653 1077 686 Eburneis
1102 653 1187 686 hunc
1209 651 1356 684 manibus

916 702 1061 741 Tramas,
1085 702 1209 733 lactans
1233 698 1403 740 uberibus3

920 749 982 781 Pro
1008 750 1068 781 hoc
1094 748 1176 780 dono
1201 746 1364 789 singulari,

919 796 1030 837 Virgo,
1056 796 1108 835 da,
1133 799 1170 827 ut,
1192 795 1227 827 in
1251 794 1347 826 altari

918 844 1115 876 Reverenter
1139 843 1223 875 hunc
1247 844 1419 874 tractemus

915 890 960 924 Et
986 892 1142 932 condigne
1166 890 1403 923 manducemus.

883 972 892 980 .
919 948 1041 987 Gaude,
1065 949 1155 988 virgo
1172 948 1320 991 gloriosa,

915 997 1012 1029 Iacob
1038 996 1133 1028 stella
1156 996 1296 1035 radiosa,

919 1044 972 1077 Ad
997 1052 1174 1084 praesaepe
1197 1043 1246 1074 tui
1268 1043 1339 1075 nati

916 1091 1003 1132 Magi
1030 1092 1162 1123 veniunt
1184 1091 1340 1130 prostrati

920 1139 1013 1171 Dona
1037 1137 1176 1171 ferentes
1200 1138 1354 1179 mystica3

917 1187 980 1219 Per
1004 1187 1084 1218 haec
1107 1195 1277 1227 precamur
1301 1185 1428 1226 gaudia,

921 1233 966 1267 Ut
990 1244 1048 1266 nos
1073 1237 1123 1266 tus
1150 1233 1327 1266 devotionis

915 1280 1092 1321 Murraque
1116 1281 1323 1320 contritionis,

918 1329 1041 1361 Aurum
1067 1328 1187 1361 fulvum
1214 1328 1356 1361 caritatis

919 1376 1021 1408 Locet
1044 1385 1141 1416 regno
1168 1376 1335 1409 claritatis

889 1457 896 1464 .
922 1433 1045 1472 Gaude,
1070 1433 1161 1473 virgo
1184 1433 1332 1474 gloriosa,

923 1481 972 1512 Tu
995 1481 1126 1513 lucerna
1149 1481 1316 1519 luminosa,

924 1528 1010 1566 Quae
1034 1537 1151 1560 manna
1175 1530 1302 1569 gestans
1327 1536 1458 1560 aureum

924 1575 1030 1616 Ulnis,
1055 1576 1163 1607 lumen
1185 1574 1339 1620 fidelium,

925 1622 1088 1656 Christum
1112 1623 1183 1663 Dei,
1208 1626 1294 1655 tuum
1320 1625 1440 1663 natum,

923 1672 1005 1704 Fers
1013 1672 1048 1704 in
1056 1671 1211 1712 templum
1219 1673 1458 1711 praesentatum
1468 1682 1477 1711 3

925 1719 988 1751 Per
1013 1720 1074 1751 1100
1099 1718 1234 1751 sublime
1259 1719 1410 1761 gaudium

924 1766 1080 1807 Exstirpa
1103 1765 1234 1800 fraudes
1261 1768 1417 1810 cordium,

926 1814 972 1847 Ut
992 1814 1027 1846 in
1052 1823 1132 1855 pace
1158 1815 1314 1848 Simeonis

926 1860 1134 1894 Perfruamur
1159 1862 1239 1894 caeli
1262 1863 1363 1895 bonis.

892 1943 899 1950 .
927 1918 1049 1962 Gaude,
1076 1920 1165 1959 virgo
1190 1919 1339 1963 gloriosa,

925 1966 1108 1999 Institutrix
1132 1967 1288 2007 studiosa,

927 2013 1005 2046 Cum
1029 2013 1130 2047 filium
1156 2015 1319 2058 amiseras,

927 2062 967 2094 In
990 2062 1110 2102 templo
1136 2072 1229 2103 quem
1251 2064 1421 2096 inveneras

929 2110 966 2142 In
989 2110 1095 2142 medio
1122 2111 1287 2144 doctorum

932 2156 1109 2190 Docentem
1133 2159 1202 2191 vias
1225 2169 1359 2201 morum,

929 2204 1024 2237 Cuius
1049 2207 1141 2240 suavi
1164 2208 1356 2250 praesentia,

926 2252 1085 2286 Melliflua
1107 2254 1242 2287 scientia

928 2301 1010 2333 Prae
1036 2302 1157 2335 cunct-is
1179 2302 1381 2343 iucunda1i53

931 2348 997 2381 Nos
1023 2358 1106 2391 rege,
1133 2350 1228 2383 stella
1251 2351 1358 2385 maris.
