1651 2606
6 2186 9 2210 -
4 2099 5 2102 Α

744 109 787 114 —
840 91 905 124 177
957 108 999 113 —-

657 182 718 215 173.
749 181 794 214 De
814 182 841 214 V
862 182 987 215 Gaudiis
1007 182 1094 214 BMV.

231 239 263 274 1.
288 240 412 281 Gaude,
439 243 529 284 virgo
555 245 737 285 concipiens
922 246 953 278 3.
981 244 1102 284 Gaude,
1128 244 1240 277 videns
1266 252 1432 283 resurgere

287 290 396 322 Verbo
422 291 587 332 virumque
611 292 767 335 nesciens,
977 292 1045 324 Tuo
1069 293 1222 324 lactatum
1246 291 1363 331 ubere3

289 337 337 369 Te
366 337 521 371 salutavit
544 339 678 372 Gabriel
976 340 1014 381 O,
1040 349 1134 380 quam
1157 341 1243 372 laeta
1266 342 1343 371 tune
1370 337 1489 377 fueras,

292 385 499 427 Praedieens,
527 388 611 427 quod
637 387 792 420 Emanuel
978 387 1120 428 Quando,
1147 396 1239 428 quem
1264 386 1344 418 mori
1371 386 1496 418 videras

290 430 439 475 Parems,
466 436 499 466 et
521 435 689 475 integritas
977 436 1109 468 Passum
1130 444 1249 476 poenas
1272 435 1464 475 innumeras,

291 481 440 513 Maneret
463 484 495 514 et
520 482 686 523 virginitas
976 483 1202 516 Resurrexisse
1226 483 1365 515 sciveras

338 529 412 561 Tibi
437 530 602 562 inviolata.
1022 531 1130 563 Morte
1153 529 1354 563 mortificata.

292 577 353 619 Ha,
381 580 515 617 propter
539 578 626 609 istud
651 578 812 619 gaudium,
974 578 1035 618 Ha,
1062 581 1195 619 propter
1218 578 1302 610 istud
1330 577 1490 618 gaudium,

290 623 382 656 Salus
408 628 441 656 et
463 633 537 664 spes
561 625 715 666 fidelium,
976 626 1068 659 Salus
1094 630 1125 657 et
1149 635 1222 666 spes
1247 625 1400 666 fidelium,

291 671 402 704 Nostri
427 673 471 704 sis
495 674 582 712 apud
607 672 708 705 filium
975 673 1087 706 Nostri
1110 674 1154 705 sis
1179 674 1265 714 apud
1289 673 1390 705 filium

337 719 498 752 Miserans
523 721 689 754 advocata.
1021 721 1180 753 Miserans
1205 721 1369 753 advocata.

230 778 263 809 2.
291 776 413 821 Gaude,
442 778 550 810 clausa
573 778 767 821 parturiens,
919 780 951 811 4.
980 777 1101 819 Gaude,
1129 779 1290 810 destructo
1315 776 1428 810 funere

289 824 426 857 Dolores
451 828 563 865 partus
588 827 743 867 nesciens,
975 826 1093 858 Natum
1119 826 1232 858 videns
1257 826 1431 857 ascendere

289 873 338 906 Ut.
358 873 476 905 vitrum
501 873 550 905 sol
574 875 763 915 ingreditur,
973 874 1025 907 Ad
1052 873 1156 906 caelos
1181 882 1277 912 super
1301 873 1408 905 sidera

289 920 359 952 Nec
383 930 443 960 per
467 922 644 961 ingressum
669 923 818 963 laeditur,
975 922 1170 960 captivitate
1194 920 1305 964 libera,

288 967 339 1000 Ex
365 971 397 1000 te
423 968 568 1001 Christus
593 969 640 1001 sic
665 969 775 1012 oritur,
971 968 1038 1002 Ubi
1063 969 1165 1008 patris
1190 969 1222 1000 in
1250 969 1382 1000 dextera

288 1015 358 1047 Nee
381 1017 487 1055 pudor
512 1016 707 1057 diminuitur,
974 1016 1102 1048 Summa
1126 1016 1209 1056 regit
1234 1018 1266 1047 et
1289 1014 1394 1047 infera

339 1065 386 1095 Ae
409 1071 519 1096 manes
543 1063 680 1098 illibata.
1021 1063 1125 1095 Carne
1149 1062 1336 1103 glorificata.

572 1123 602 1155 5.
631 1121 753 1162 Gaude,
780 1130 860 1162 quae
883 1122 992 1153 iuncta
1016 1119 1082 1153 filio

632 1169 695 1202 Suo
720 1169 851 1202 laetaris
875 1169 1009 1210 gaudio;

632 1218 732 1257 Quam
759 1218 855 1258 digna
881 1218 930 1249 est
952 1217 1124 1257 praeconio

631 1266 701 1298 Tua
725 1264 804 1297 felix
829 1263 1022 1304 assumptio!

629 1313 712 1345 Nam
737 1312 853 1345 frueris
880 1312 1039 1344 consortio

630 1360 765 1393 Stellato
792 1361 907 1392 sedens
932 1361 1013 1392 solio

678 1408 803 1449 Regina
829 1410 988 1440 coronata.

294 1465 374 1493 Orat.
395 1473 448 1492 ms.
462 1464 651 1492 Blandi-icum
666 1473 741 1493 saec.
756 1463 800 1493 15.
828 1464 898 1493 Cod.
913 1463 1116 1492 Sibaris-tettan.
1131 1461 1176 1491 95.
1196 1477 1235 1483 -—
1257 1461 1281 1497 1,
1296 1461 1333 1492 8-
1351 1461 1389 1491 Ὶ11
1410 1463 1530 1491 wieder·

213 1502 303 1531 holen
323 1503 387 1531 sich
408 1503 483 1531 nach
499 1502 583 1537 J'eder
604 1502 739 1540 strophe.

649 1594 711 1627 174.
746 1595 790 1627 De
807 1595 835 1627 V
857 1594 984 1627 Gaudiis
1005 1594 1092 1627 BMV.

228 1658 258 1692 1,
285 1657 368 1697 Heu,
394 1657 492 1689 miser
516 1657 593 1697 quid
619 1655 759 1689 faciam?
913 1658 945 1691 3.
969 1657 1050 1696 Ave,
1080 1658 1120 1690 de
1144 1665 1206 1697 qua
1229 1657 1373 1688 nascitur

334 1705 451 1737 Plenus
476 1714 546 1737 sum
573 1705 692 1744 dolore,
1021 1704 1140 1736 Noster
1165 1705 1352 1745 advocatus,

285 1752 413 1795 Nescio,
441 1761 501 1793 quo
527 1751 647 1793 fugiam
972 1753 1017 1785 Et
1040 1753 1080 1785 de
1106 1752 1194 1784 cuius
1220 1753 1364 1792 pascitur

332 1801 450 1834 Mortis
477 1810 556 1841 prae
582 1800 706 1845 timore,
1020 1800 1121 1834 Lacte
1144 1800 1208 1832 Dei
1232 1803 1336 1840 natus,

286 1848 358 1881 Nisi
382 1849 425 1882 ad
450 1851 492 1888 te,
521 1848 657 1892 domina,
973 1849 997 1882 O
1023 1849 1135 1889 regina
1159 1848 1326 1893 virginum,

334 1897 436 1930 Stella
461 1906 531 1929 cum
554 1898 669 1940 nitore,
1021 1896 1155 1937 Quaeso,
1182 1897 1225 1929 sit
1249 1897 1394 1936 placatus

284 1945 425 1987 Fulgens
450 1954 547 1987 super
571 1946 677 1978 omnia
973 1945 1036 1978 Per
1060 1948 1093 1977 te
1116 1944 1204 1977 Deus
1230 1946 1369 1977 omnium

332 1994 473 2034 Speeiaii
497 2003 597 2028 more.
1020 1994 1104 2026 Puer
1129 1993 1222 2026 nobis
1249 1993 1354 2026 datus

225 2055 256 2086 2.
282 2052 363 2092 Ave,
390 2051 480 2092 virgo
505 2052 603 2094 regia,
913 2053 946 2087 4.
971 2052 1053 2090 Ave,
1080 2052 1177 2092 plena
1201 2051 1328 2092 gaudio,

333 2099 423 2133 Cella
446 2100 522 2133 Iesu
546 2100 677 2140 Christi,
1019 2099 1139 2141 Mater,
1163 2100 1302 2142 inquam,
1329 2098 1401 2137 Dei,

286 2148 374 2188 Quae
399 2151 434 2179 tu
457 2149 554 2188 plena
579 2148 683 2189 gratia
972 2148 1172 2189 Resurgente
1196 2147 1262 2180 filio

332 2196 439 2229 Verbo
463 2196 640 2237 concepisti
1019 2196 1151 2229 Tertiae
1176 2195 1242 2228 diei

284 2245 450 2278 Castitatis
476 2244 578 2277 lilium
972 2246 1010 2278 In
1031 2253 1157 2286 aurora,
1184 2243 1306 2282 nuntia,

329 2294 443 2334 Neque
467 2293 653 2337 perdidisti,
1020 2292 1082 2324 Per
1107 2301 1201 2333 quam
1229 2299 1322 2323 verae
1347 2291 1417 2331 spei

283 2343 347 2377 Sed
374 2342 498 2375 aeterni
523 2339 625 2373 filium
974 2340 1075 2374 Nobis
1101 2341 1196 2373 datur
1221 2339 1333 2383 gratia,

328 2390 436 2424 Patris
462 2390 611 2432 genuisti.
1022 2388 1218 2422 Confitemur
1243 2387 1284 2420 ei.

266 2450 382 2479 Blume,
398 2450 442 2477 Pia¹
456 2450 602 2475 Dictamina.
630 2450 671 2474 IV.
1310 2440 1345 2472 12
