1651 2606
234 190 291 223 92.

233 602 289 635 93.

228 1012 284 1044 94.

224 1422 277 1455 95.

221 1836 277 1869 96.

217 2253 273 2286 97.

753 95 1007 131 —165-—

317 189 440 223 Rursus
465 200 537 224 sese
561 191 684 233 erigens

362 238 395 270 in
421 247 566 272 maerore
590 240 697 273 stabat

315 285 358 318 Et
383 286 577 326 pendentem
602 287 702 320 filium

360 331 440 366 flens
468 335 706 375 considerabat,

312 381 399 414 Mori
423 382 495 422 plus
523 391 617 423 quam
642 384 750 415 vivere

361 438 478 470 nempe
502 430 687 472 adoptabat,

313 476 398 510 Dum
425 478 542 518 deponi
566 477 666 511 filium

361 534 452 557 suum
477 525 693 565 exspectabat.

316 601 407 634 Tunc
433 601 561 634 dicebat
586 601 706 634 eiulans

359 649 424 681 illis
452 649 654 689 depravatis:

311 695 407 736 Ecce,
437 696 605 730 desideriis

359 744 476 777 vestris
503 745 727 778 consummatis

311 791 396 824 Mihi
420 793 516 825 matri
541 794 677 826 miserae

360 849 475 881 corpus
502 841 680 884 deponatis,

313 888 382 932 Vel,
408 889 437 920 si
461 888 551 931 libet,
575 889 625 921 illi
649 897 701 921 me

362 936 505 968 necando
530 936 677 978 iungatis.

312 1011 409 1044 Suum
435 1015 542 1045 natum
569 1015 700 1053 tangere

359 1063 461 1093 mater
486 1060 635 1100 cupiebat

309 1106 422 1148 Seque,
450 1110 602 1147 quantum
627 1111 765 1149 poterat,

355 1164 481 1187 sursum
507 1155 659 1196 erigebat,

309 1201 374 1235 Sed
399 1204 443 1235 ad
466 1212 538 1235 eum
561 1206 695 1244 tangere

354 1258 554 1291 nequaquam
579 1251 717 1290 valebat,

307 1297 391 1339 Heu,
417 1299 460 1331 ad
484 1305 605 1332 terram
631 1298 746 1331 debilis

354 1347 497 1387 graviter
522 1347 668 1380 cadebat.

305 1422 425 1455 Iterum
452 1423 483 1456 vi
508 1424 625 1456 amoris

353 1479 478 1503 sursum
503 1470 668 1504 ferebatur

304 1517 350 1551 Et
373 1520 477 1551 erucis
500 1519 680 1560 patibulum

354 1575 427 1598 mox
452 1567 716 1608 amplectebatur,

304 1613 488 1655 Filiumque
512 1619 643 1655 tangere

352 1662 486 1696 multum
512 1663 686 1706 nitebatur,

306 1708 373 1743 Sed
396 1711 438 1743 ad
464 1713 583 1744 terram
610 1710 728 1752 durius,

352 1758 424 1800 heu,
452 1759 675 1793 collidebatur.

303 1835 353 1868 Ibi
377 1836 486 1869 iacens
511 1836 608 1869 anxia

350 1885 434 1917 male
458 1885 675 1928 torquebatur,

303 1932 471 1966 Immensis
497 1934 671 1975 doloribus,

350 1981 423 2025 heu,
447 1982 689 2022 opprimebatur

301 2028 347 2062 Et
371 2030 537 2063 cadentem
561 2031 745 2072 sanguinem

352 2078 606 2120 deosculabatur,

302 2125 394 2165 Quod
419 2135 532 2160 cruore
555 2125 653 2160 facies

349 2175 449 2207 rubra
472 2175 679 2210 reddebatur.

300 2253 392 2286 Inter
415 2252 496 2286 haec
522 2253 673 2294 discipuli

346 2301 422 2335 Iesu
448 2302 510 2335 duo
537 2303 631 2344 grati,

300 2350 495 2384 Nicodemus
521 2354 554 2383 et
576 2350 693 2391 Ioseph

348 2401 402 2441 qui
428 2402 503 2434 sunt
527 2399 693 2443 appellati,

916 412 971 445 98.

913 823 970 856 99.

901 1231 977 1264 100.

897 1644 976 1677 101.

894 2058 972 2093 102.

997 192 1117 225 Habita
1140 192 1272 225 licentia

1043 240 1202 281 praesidis
1227 239 1334 282 Pilati,

998 288 1041 321 Ut
1064 288 1170 322 Iesum
1196 288 1403 327 deponerent,

1043 338 1199 369 venerunt
1221 335 1339 377 parati.

997 412 1117 452 Quibus
1144 413 1219 445 visis
1245 411 1407 453 paululum

1045 462 1147 492 mater
1169 459 1335 492 revivebat

997 508 1047 539 Ac
1072 507 1126 547 eis,
1154 507 1238 548 quod
1261 508 1399 547 poterat,

1043 556 1189 588 iuvamen
1213 554 1398 596 praebebat,

996 602 1087 635 Unus
1116 604 1156 636 de
1180 601 1363 636 vulneribus

1043 652 1151 683 clavos
1177 649 1375 692 extrahebat,

997 699 1099 738 Alius,
1127 707 1168 731 ne
1193 698 1333 738 caderet,

1046 755 1159 786 corpus
1185 744 1372 779 sustinebat.

996 822 1087 854 Tunc
1111 825 1206 863 caput
1232 825 1262 853 et
1286 821 1420 854 brachia

1042 872 1145 902 mater
1168 870 1349 901 assumebat

994 916 1039 949 Et
1062 917 1104 949 ad
1129 926 1164 949 se
1188 917 1400 949 maestissima

1042 964 1164 997 concito
1191 964 1350 1004 trahebat,

994 1011 1098 1051 Super
1121 1012 1185 1044 iam
1211 1012 1389 1051 depositum

1041 1060 1156 1091 osculis
1181 1059 1305 1098 ruebat,

995 1106 1113 1139 Satiari
1136 1107 1267 1139 minime

1042 1155 1082 1187 de
1112 1163 1186 1187 caro
1211 1154 1349 1187 valebat.

993 1231 1083 1264 Tunc
1107 1231 1148 1263 ad
1174 1231 1223 1262 sui
1246 1228 1305 1262 filii

1040 1281 1136 1319 caput
1159 1281 1261 1310 mater
1285 1277 1393 1310 stabat

991 1327 1185 1367 Beatamque
1211 1325 1326 1359 faciem

1037 1374 1178 1406 lacrimis
1204 1374 1339 1415 rigabat,

991 1424 1095 1462 Saepe
1118 1420 1369 1462 profundissime

1039 1478 1166 1511 gemens
1187 1470 1371 1510 suspirabat

990 1518 1033 1551 Se
1055 1519 1223 1559 ipsamque
1239 1515 1359 1550 feriens

1038 1567 1118 1599 tales
1144 1574 1238 1600 voces
1265 1566 1379 1598 dabat:

992 1644 1017 1677 Ο
1042 1642 1091 1676 fili
1116 1642 1289 1685 carissime,

1038 1691 1115 1732 quid
1137 1690 1216 1723 mihi
1242 1688 1372 1723 fecisti?

991 1740 1056 1773 Gur
1079 1739 1192 1772 Iudaei
1216 1739 1312 1771 morti
1337 1743 1370 1770 te

1037 1788 1244 1820 tradiderunt
1267 1787 1348 1818 isti?

989 1836 1094 1876 Quare
1117 1844 1169 1867 me
1191 1836 1372 1875 relinquere

1035 1886 1110 1924 post
1136 1887 1169 1916 te
1194 1884 1346 1916 voluistis

990 1932 1147 1966 Succurre
1171 1932 1299 1972 spiritui

1035 1989 1106 2014 meo
1130 1980 1225 2013 nimis
1250 1980 1347 2013 tristi.

988 2058 1013 2091 O
1039 2058 1083 2090 mi
1107 2067 1196 2090 amor
1220 2057 1314 2090 unice

1035 2108 1131 2147 atque
1155 2106 1306 2147 salutare,

988 2154 1158 2196 Gaudium,
1184 2154 1337 2186 solacium

1035 2211 1139 2236 meum
1165 2202 1336 2243 singulare,

987 2252 1063 2285 Vita
1087 2260 1177 2284 meae
1202 2250 1338 2291 animae,

1033 2308 1051 2332 0
1076 2299 1134 2341 fili,
1162 2298 1224 2338 dic,
1247 2305 1345 2338 quare

986 2348 1150 2382 Permittis
1178 2346 1288 2379 dolere
1312 2354 1363 2377 me

1034 2406 1094 2437 pro
1119 2399 1152 2427 te
1176 2398 1240 2427 tam
1266 2392 1395 2427 amare?
