1651 2606
707 83 964 118 -128—

532 185 563 217 7.
586 185 689 222 Salve,
714 180 877 222 speculum
902 178 1066 219 virtutum,

592 232 641 264 Sis
664 228 799 262 certanti
822 227 901 258 mihi
921 227 1054 267 scutum,

589 279 720 311 Hostem
745 275 901 314 reprimas
926 274 1102 314 versutum,

587 325 674 357 Mole
700 322 804 355 carnis
829 330 880 353 me
905 322 1034 350 exutum

632 371 720 404 Caeli
743 371 838 410 iunge
862 366 990 410 gaudio.

261 441 340 468 Orat.
361 449 412 467 ms.
433 438 621 467 Trudonense
641 444 716 465 saec.
738 434 782 465 16.
805 437 846 463 in.
882 434 950 463 Cod.
971 433 1110 461 Leodien.
1132 430 1197 461 395.

609 585 670 617 123.
704 586 748 616 De
767 585 940 617 Nativitate
963 584 1048 615 BMV.

200 679 230 712 1.
256 675 336 720 Ave,
364 676 463 716 virgo,
489 676 625 717 pulchra
649 676 753 718 nimis,
874 678 906 709 5.
933 673 1056 708 Aurum
1083 674 1142 706 tibi
1166 675 1199 707 in
1225 673 1351 714 fulgore

301 724 450 763 Corporis
475 724 632 763 albedine,
975 722 1047 754 Non
1074 725 1123 754 est
1148 722 1374 763 comparabile,

252 772 347 805 Cuius
374 774 484 811 captus
511 775 559 803 est
585 771 729 803 sublimis
932 770 1003 802 Nec
1027 773 1194 810 argentum
1217 771 1251 802 in
1276 770 1416 802 candore

298 820 384 851 Deus
408 819 656 859 pulchritudine,
975 818 1087 850 Potest
1112 826 1180 850 esse
1205 818 1319 860 simile,

250 867 382 907 Quando
406 867 495 898 venit
518 867 552 898 in
576 867 626 898 his
650 867 722 898 imis
929 865 1012 897 Nam
1037 869 1073 897 tu
1098 875 1206 898 omnes
1230 866 1265 898 in
1292 867 1407 899 decore

296 915 346 946 De
369 914 577 947 beatitudine.
978 913 1118 954 Superas
1142 913 1287 947 mirifice.

194 975 226 1006 2.
253 969 348 1006 Unde
372 971 442 1011 ipse
465 973 498 1002 te
521 971 665 1003 laudavit
873 974 904 1005 6.
931 968 1036 1004 Recte
1061 980 1135 1012 ergo
1163 972 1336 1004 nominaris

299 1019 444 1051 Omnium
469 1018 715 1057 pulcherrimam
980 1018 1109 1051 Cunctis
1135 1020 1394 1059 praeclarissima

251 1067 296 1098 Et
318 1066 352 1097 in
377 1069 500 1097 tantum
526 1066 687 1097 adamavit
930 1066 975 1097 Et
1000 1066 1116 1098 dilecto
1144 1067 1361 1106 comprobaris

299 1113 401 1153 Super
426 1122 549 1145 omnem
575 1112 736 1156 feminam,
978 1113 1060 1145 Esse
1087 1114 1305 1154 dilectissima,

253 1161 342 1201 Quod
367 1164 399 1191 te
422 1160 484 1193 sibi
510 1161 715 1200 desponsavit
930 1161 959 1192 A
986 1170 1046 1201 quo
1072 1162 1190 1193 totiens
1213 1162 1357 1195 laudaris

299 1208 337 1240 In
363 1208 495 1240 amicam
519 1208 693 1248 propriam.
978 1208 1061 1241 Esse
1085 1208 1325 1244 formosissima.

194 1268 225 1302 3,
251 1261 297 1298 Et
320 1267 355 1296 tu
380 1274 449 1296 eum
471 1266 518 1296 sic
543 1266 654 1297 amasti
874 1269 904 1301 ’7.
935 1263 1012 1306 Ipse
1039 1267 1132 1298 etiam
1157 1266 1315 1300 formosus

301 1312 442 1345 Caritate
469 1312 576 1352 nimia,
978 1313 1041 1345 Est
1065 1317 1097 1345 et
1121 1315 1256 1354 pulcher
1280 1315 1373 1361 facie,

253 1360 341 1398 Quod
368 1360 501 1391 licenter
523 1359 696 1399 acceptasti
931 1361 1071 1401 Rubens,
1099 1363 1249 1403 candens,
1276 1366 1439 1403 speciosus

301 1407 404 1445 Ipsius
429 1407 599 1446 sponsalia,
980 1409 1044 1440 Per
1067 1409 1218 1441 virtutem
1244 1412 1377 1450 gratiae,

252 1453 334 1485 Dum
360 1457 392 1484 te
417 1454 445 1485 ei
471 1455 596 1486 sociasti
932 1455 1081 1495 Regnans
1106 1456 1193 1489 Deus
1218 1458 1374 1498 gloriosus

301 1500 440 1541 Corpore
465 1504 495 1532 et
520 1502 633 1535 anima.
979 1503 1016 1535 In
1039 1513 1177 1544 superna
1202 1506 1281 1538 acie.

195 1560 228 1592 4.
253 1554 368 1590 Mirum
394 1561 498 1589 autem
522 1567 585 1590 non
611 1558 716 1602 fiebat,
874 1563 904 1595 8.
932 1557 1028 1593 Almo
1051 1561 1119 1593 Deo
1145 1563 1302 1595 melodiae

301 1606 392 1644 Quod
417 1608 449 1636 te
472 1609 580 1637 noster
603 1607 757 1639 Dominus
978 1608 1050 1640 Sint
1075 1612 1108 1640 et,
1131 1609 1277 1643 iubilatio

254 1651 357 1691 Super
382 1661 488 1684 omnes
515 1653 676 1694 diligebat,
931 1656 1038 1696 Atque
1063 1657 1180 1697 virgini
1205 1658 1341 1699 Mariae,

301 1699 384 1731 Nam
405 1703 442 1731 ut
465 1701 540 1732 solis
563 1702 671 1733 radius
979 1703 1074 1736 Cuius
1100 1705 1284 1746 deprecatio

251 1747 368 1779 Forma
391 1750 447 1779 tua
470 1749 696 1787 resplendebat
929 1752 966 1783 In
993 1752 1138 1784 caelestis
1163 1753 1362 1787 hierarchiae

302 1794 394 1827 Omni
416 1795 487 1827 luce
512 1796 636 1829 clarius.
975 1799 1080 1831 Ducat
1103 1810 1161 1833 nos
1186 1802 1319 1841 palatio.

179 1909 206 1936 A
257 1869 335 1934 ΟΒι-ἱῑὲ.
360 1878 413 1934 n?
438 1869 656 1905 Epternacense
681 1881 756 1900 saec.
783 1872 826 1901 15.
856 1874 926 1903 Cod.
954 1875 1174 1912 Luciliburgen.
1204 1876 1228 1904 1.
1248 1892 1287 1896 —
1313 1878 1485 1909 Acrostich:

212 1916 257 1935 ve
339 1916 369 1934 ri
397 1928 403 1933 .

615 2041 676 2072 124.
710 2042 752 2074 De
772 2042 946 2076 Nativitatc
965 2044 1052 2075 BMV.

199 2130 227 2161 1.
253 2129 333 2166 Ave,
360 2129 491 2161 thronus
516 2130 700 2174 maiestatis,
874 2137 906 2168 2.
934 2136 1013 2175 Ave,
1039 2139 1127 2168 terra
1150 2137 1304 2179 virginea,

252 2177 332 2216 Ave,
357 2174 416 2208 fios
440 2177 628 2209 humilitatis
933 2181 1009 2214 Sine
1034 2184 1180 2215 caelestis
1207 2194 1282 2218 area

298 2224 344 2256 Et
368 2225 515 2257 candoris
540 2225 651 2269 lilium,
980 2229 1101 2262 Gerens
1126 2230 1235 2264 florem
1262 2238 1399 2281 gratum,

252 2272 363 2304 Totius
391 2273 565 2305 divinitatis
932 2278 1031 2316 Quam
1057 2277 1242 2312 fecundavit
1266 2283 1410 2326 spiritus,

253 2319 402 2352 Illibatae
427 2321 568 2353 caritatis
932 2325 1143 2359 Obumbravit
1168 2328 1323 2363 divinitus

298 2368 464 2409 Templum
488 2369 539 2402 vel
563 2370 747 2402 sacrarium.
978 2373 1130 2419 Verbum,
1157 2376 1283 2408 Mariae
1303 2382 1425 2415 natum,
