1651 2606
689 108 946 145 —15o—*

183 214 214 246 7,
237 211 364 244 Prolem
388 220 488 243 meam
513 207 748 250 blasphemasti,

241 258 334 291 sitim
361 260 426 291 eius
451 262 486 290 tu
509 257 628 299 potasti

287 307 377 338 Felle
403 309 433 338 et
457 305 624 343 absinthio,

240 354 339 386 Latus
363 355 429 385 eius
448 351 628 394 perforasti,

239 401 324 433 Hinc
350 410 402 433 cer
423 408 526 431 meum
550 397 722 429 vulnerasti

287 448 361 480 Cum
388 447 504 480 doloris
530 445 645 485 gladio.

183 518 213 548 8.
240 514 315 555 Fili,
343 522 435 545 cruce
458 521 509 544 me
533 511 651 551 vidisti,

238 560 372 594 Iohanni
395 569 445 591 me
471 559 653 591 commisisti

285 609 361 641 Cum
388 607 495 639 dolore
518 606 634 646 nimi03

236 655 307 687 Non
333 657 381 686 est
406 654 496 686 dolor
518 656 555 686 ut
580 656 628 685 est
650 662 748 694 meus,

236 702 346 734 Proles
370 711 449 741 mea,
475 710 568 733 verus
594 700 693 737 Deus,

280 749 419 781 Moritur
442 749 624 789 suspendio.

880 207 910 239 9.
940 204 965 236 Ο
992 212 1048 235 vos
1071 212 1189 246 omnes,
1216 202 1269 243 qui
1293 201 1438 234 transitis

937 251 1031 283 Viam
1055 251 1150 294 vitae,
1176 259 1299 283 mecum
1324 249 1395 282 sitis

987 298 1120 337 Tristes,
1147 301 1179 330 et
1205 301 1253 330 est
1275 299 1369 331 ratio.

939 346 1000 378 Pia,
1021 348 1134 386 mater,
1161 344 1215 377 fac
1238 355 1289 378 me
1314 344 1393 377 flere

938 394 1027 426 Mala
1051 395 1173 433 nostra,
1199 395 1236 425 ut
1260 393 1401 434 gaudere

987 441 1111 473 Possim
1134 442 1168 473 in
1192 441 1312 473 iudicio

858 511 913 543 10.
939 508 983 541 Et
1006 510 1040 540 in
1065 508 1157 539 huius
1182 508 1294 540 mundi
1318 508 1407 539 luctu

939 556 1040 588 Nobis
1065 555 1146 587 assis
1170 558 1224 588 tuo
1249 554 1368 598 fructu,

987 600 1120 647 [Virgo],
1148 603 1319 642 adiutorio,

940 651 984 684 Ut
1005 654 1079 691 post
1102 651 1204 683 nostri
1227 660 1325 683 vanos
1352 651 1420 683 dies

938 698 1039 731 Nobis
1066 699 1160 731 detur
1184 708 1261 731 vera
1286 699 1375 739 quies

984 746 1022 778 In
1053 747 1183 778 caelesti
1207 747 1298 780 solio,

240 823 318 851 Orat.
340 832 392 851 ms.
414 824 523 851 Montis
545 823 573 851 S.
594 824 714 857 Georgii
733 821 821 859 (apud
843 819 1018 855 Goslariam)
1037 822 1108 848 anni
1131 819 1212 849 1464.
1247 822 1318 849 Cod.
1333 821 1471 850 Guelfen-

163 864 293 898 byteran.
320 860 407 898 1514,
432 862 636 889 Helmstadien
662 858 743 888 1391.
769 875 807 880 -—
832 859 865 895 4,
890 859 904 888 1
933 858 957 886 Ο
977 859 1060 886 Iuda.
1085 874 1123 878 —
1150 858 1176 893 9,
1198 857 1215 887 6
1235 860 1350 887 Possim
1373 862 1470 887 tecum

167 904 207 928 in.
232 915 269 918 —
298 898 347 934 10,
369 898 386 927 2
411 901 513 927 fructo.
535 914 568 918 —
592 897 638 933 10,
661 898 677 927 5
703 907 774 927 vera
794 900 918 935 requies.
938 912 977 913 j
997 898 1189 933 „Quicunque
1209 898 1285 925 hanc
1307 899 1471 926 orationem

165 939 269 966 dvvote.
293 939 401 974 legerit
425 938 549 974 singuiis
574 938 675 965 diebus
697 938 781 965 flexis
801 937 925 973 genibus
945 938 976 963 et
994 945 1059 963 cum
1080 944 1117 963 ea
1134 935 1151 963 7
1174 936 1239 964 Ave
1257 937 1369 971 Maria,
1396 938 1474 964 sciat

169 977 320 1010 veraciter,
342 977 419 1012 quod
438 985 498 1003 non
517 977 647 1009 moritur,
671 977 743 1012 quin
762 976 850 1003 beata
867 976 951 1010 virgo
972 975 1069 1002 Maria
1091 975 1166 1002 assit
1184 975 1243 1002 sibi
1263 976 1294 1002 in
1313 974 1371 1002 fine
1391 976 1473 1002 vitae

174 1012 358 1042 visibiliter-‘¹
379 1028 418 1032 —
438 1014 481 1041 Ob
503 1013 627 1049 Strophe
650 1011 664 1040 1
685 1022 752 1041 zum
771 1013 863 1041 Liede
883 1012 993 1047 gehon,
1014 1012 1108 1040 bleibt
1126 1013 1311 1041 zweifelhaft.

574 1152 634 1184 153.
664 1153 708 1184 De
729 1152 943 1194 compassione
961 1151 1049 1183 BMV.

183 1244 215 1276 1.
241 1238 344 1275 Mater
367 1239 465 1275 Alma
487 1240 723 1283 Redemptoris,

239 1286 338 1323 Iubar
360 1287 460 1323 Aurei
485 1290 608 1332 viroris,

288 1336 450 1368 Claritatis
475 1337 594 1375 radius,

236 1381 342 1416 Adest
368 1393 405 1415 en
429 1384 611 1424 plangenda
635 1384 723 1424 hora,

232 1431 299 1469 Qua
321 1439 375 1462 cor
398 1434 496 1472 tuum,
522 1440 540 1463 o
566 1432 690 1471 decora,

282 1478 496 1510 Pertransivit
519 1479 654 1519 gladius.

179 1547 199 1578 2
236 1541 432 1584 Recordare,
459 1544 547 1585 virgo
573 1545 635 1585 dia,

239 1592 376 1623 Verbum
402 1592 503 1631 patris
529 1595 558 1623 et
584 1593 705 1634 sophia,

287 1639 372 1671 Tuus
397 1639 586 1679 unigenitus,

237 1683 326 1719 Iesus
345 1686 487 1718 Christus
515 1690 636 1728 captus,
664 1696 784 1727 caesus,

238 1732 343 1773 Spinis
370 1734 447 1765 diris
471 1732 577 1766 fronte
600 1734 714 1777 laesus,

283 1779 458 1813 Crucifixus
488 1782 624 1821 penitus.

179 1851 209 1882 3.
235 1844 299 1886 Ah,
314 1847 389 1887 quid
400 1847 512 1887 dicam,
523 1857 595 1888 spes
605 1848 766 1889 lugentum
777 1850 783 1880 Ξ

239 1894 321 1926 Mihi
346 1894 373 1926 si
398 1895 462 1926 sint
484 1896 610 1936 linguae
635 1899 768 1938 centum,

285 1942 320 1974 Si
343 1941 498 1974 facundus
524 1942 624 1983 fuero,

238 1987 351 2029 Virgo,
379 1993 484 2021 tamen
508 1991 588 2022 nihil
610 1991 713 2032 digne,

238 2037 327 2068 Nihil
348 2037 409 2069 tibi
434 2037 594 2078 coinsigne

283 2084 459 2124 Explicare
481 2088 604 2125 potero.

177 2155 209 2185 4.
234 2147 373 2194 Intuere,
398 2160 484 2193 rosa,
509 2149 630 2193 florem,

235 2199 318 2231 Vide
342 2202 430 2230 tuum
458 2199 504 2230 sic
527 2208 664 2232 amorem

282 2246 465 2279 Exaltatum
490 2247 615 2287 misere,

235 2291 447 2327 Rosascentes
470 2293 649 2335 patefactas

236 2342 378 2375 Mundae
404 2343 507 2375 carnis
533 2343 730 2378 catharactas

285 2390 386 2430 Quino
417 2399 510 2423 cerne
533 2391 673 2424 vulnere.

863 1244 892 1276 5.
921 1238 1059 1276 Grandis
1086 1242 1187 1282 dolor,
1215 1251 1307 1282 quem
1333 1242 1470 1286 ferebas,

918 1289 1016 1328 Quem
1040 1290 1074 1320 in
1099 1290 1196 1321 corde
1219 1291 1389 1335 sentiebas,

964 1337 1047 1368 Nato
1073 1346 1143 1369 cum
1169 1338 1347 1380 assisteres,

917 1380 1144 1417 Ornamentum
1169 1385 1216 1415 sic
1239 1384 1374 1426 foedari,

915 1430 968 1462 Sic
991 1431 1142 1462 virtutem
1167 1433 1331 1475 maculari,

958 1478 1091 1510 Praesto
1123 1479 1197 1510 dum
1222 1480 1394 1520 aspiceres.

879 1571 886 1578 .
914 1541 938 1578 Ο
959 1545 1028 1584 quis
1048 1545 1151 1586 dolor,
1180 1546 1255 1578 dum
1280 1549 1452 1590 spectares,

912 1592 996 1623 Dum
1020 1593 1173 1625 maternis
1197 1593 1370 1626 inundares

960 1640 1180 1672 Lacrimarum
1204 1640 1364 1683 fontibus,

911 1684 1002 1720 Rosa
1026 1688 1143 1720 rubens
1165 1690 1373 1731 pallescebat,

915 1735 1037 1775 Corpus
1065 1738 1155 1767 tuum
1179 1735 1349 1769 fatiscebat

937 1783 1145 1816 Admirandis
1170 1784 1319 1819 luctibus

879 1875 886 1882 .
911 1846 963 1883 Ab
989 1859 1097 1883 amaro
1125 1851 1251 1884 demum
1275 1850 1352 1884 fletu

913 1897 986 1929 Tibi
1015 1896 1105 1929 flenti
1129 1899 1197 1930 sine
1220 1902 1307 1931 metu

961 1945 1075 1977 Vultus
1099 1946 1304 1992 intumuerat,

913 1989 994 2027 Post
1019 1993 1120 2034 caligo
1144 1995 1298 2028 nebulosa

913 2040 997 2083 Tibi,
1026 2041 1127 2073 dulcis
1152 2051 1289 2076 vernans
1314 2054 1398 2086 rosa,

961 2088 1076 2120 Oculos
1100 2089 1296 2124 obvolverat.

882 2183 887 2188 .
914 2151 1107 2188 Rubicunda
1131 2157 1227 2197 plane
1251 2168 1333 2202 rosa,

914 2202 995 2234 Tota
1018 2203 1123 2243 rubes,
1150 2214 1305 2247 amorosa,

962 2250 1074 2283 Dulcis
1098 2253 1166 2284 nati
1191 2254 1355 2295 sanguine,

916 2295 1010 2332 Omni
1034 2303 1129 2339 parte
1152 2300 1364 2341 profluentem

916 2346 1014 2385 Quem
1040 2348 1114 2380 dum
1138 2349 1226 2389 rapis
1242 2355 1471 2394 rosascentem,

962 2394 1117 2428 Rubescis
1143 2398 1323 2439 aspergine.
