1651 2606
173 165 206 197 4.
234 165 353 206 Gaude,
379 166 475 205 plena
498 167 610 206 gratia,

278 214 367 245 Aure
390 214 616 254 impraegnata,

231 261 291 293 Dei
316 261 471 301 sapientia

276 308 314 339 In
338 312 370 340 te
393 309 567 346 incarnata,

231 356 322 388 Intra
341 354 509 394 virginalia

281 402 426 435 Claustra
450 401 591 433 baiulata

229 451 356 492 Regem,
385 449 435 480 eui
459 448 564 481 omnia

275 496 424 529 Serviunt
449 498 566 528 ereata.

174 574 204 605 5.
233 573 354 612 Gaude,
383 572 469 604 cuius
494 572 611 612 gaudia

275 619 420 652 Necdum
444 620 550 659 proles
574 622 650 651 nata

228 668 266 700 In
290 667 410 699 ventris
435 668 581 708 angustia

277 714 429 747 Senserat
450 715 570 746 laetata

229 761 407 801 Elisabeth,
433 762 576 794 omnibus

277 809 373 842 Cuius
395 810 465 841 iure
489 808 558 841 fata

227 856 374 890 Praefert
396 857 583 890 mulierIbus

274 904 325 937 Ex
349 905 414 938 fide
437 905 541 937 beata.

171 983 201 1014 6.
227 981 347 1020 Gaude,
372 984 496 1022 patrem
521 980 588 1013 filia

275 1028 414 1068 Gignens
438 1028 619 1070 fecundata,

226 1076 341 1108 Matris
363 1076 483 1108 habens
508 1076 633 1116 gaudia,

272 1123 337 1156 Sed
360 1124 558 1167 intemerata,

227 1172 313 1211 Quae
335 1175 519 1211 pascentem
542 1171 647 1203 omnia

271 1218 417 1251 Mamilla
440 1220 570 1260 laetata,

226 1265 343 1298 Stricta
370 1266 468 1306 cingis
492 1265 592 1299 fascia

274 1313 455 1346 Solventem
479 1317 621 1354 peecata.

172 1389 202 1421 7.
231 1388 351 1428 Gaude,
378 1391 461 1430 quod
486 1398 646 1431 puerpera

275 1435 439 1477 Conspieis
461 1438 581 1469 laetata

228 1483 291 1516 Per
313 1488 378 1516 tres
403 1493 510 1525 magos
535 1493 666 1517 munera

272 1531 412 1571 Mystice
434 1532 569 1574 signata⁷

224 1577 358 1619 Numen,
384 1588 523 1619 regnum,
550 1578 662 1612 funera

272 1625 348 1658 Nati
372 1626 518 1667 figurata,

159 1675 165 1681 “
227 1673 264 1705 In
289 1677 394 1706 aetate
417 1677 527 1706 tenera

272 1722 339 1762 Ipsi
362 1724 575 1761 praesentata.

167 1797 198 1828 8.
226 1795 346 1834 Gaude,
373 1797 468 1837 plena
492 1798 616 1838 gaudiis

273 1844 391 1883 Legem
415 1844 593 1886 observata,

226 1891 262 1924 In
284 1892 403 1931 templo
429 1900 498 1924 eum
524 1892 635 1924 hostiis

272 1938 390 1971 Filium
415 1939 530 1982 oblata,

225 1986 379 2018 Simeonis
403 1986 542 2018 brachiis

273 2034 367 2066 Prole
394 2033 544 2077 baiulata,

226 2082 325 2114 Plura
347 2081 505 2114 vaticiniis

273 2130 375 2161 Audis
402 2129 572 2163 declarata.

167 2208 198 2239 9.
226 2205 346 2245 Gaude,
373 2208 427 2238 tuo
451 2204 517 2237 filio

269 2253 391 2285 Dolens
416 2253 565 2294 hilarata,

224 2301 262 2333 In
290 2301 452 2334 doctorum
474 2302 578 2334 medio

271 2349 349 2381 Eius
374 2349 551 2389 adprobata

678 66 936 102 *192—

849 382 904 416 10.

849 793 903 826 11.

847 1204 903 1237 12.

848 1612 902 1645 13.

847 2021 901 2054 14.

933 162 1089 195 Prudenti
1113 162 1256 204 scientia,

982 210 1111 244 Cunctis
1135 210 1303 250 admirata,

932 258 1022 297 Quod
1048 257 1142 300 geris,
1169 261 1201 289 et
1225 258 1290 290 alia

981 305 1089 339 Corde
1113 309 1311 340 conservata.

932 382 1053 426 Gaude,
1081 391 1162 423 quae
1185 385 1234 414 tot
1259 382 1418 422 conspicis

978 430 1065 462 Mira
1086 432 1282 471 perpetrata,

931 477 1099 519 Signorum
1122 478 1223 510 initiis

980 526 1057 559 Cum
1081 528 1156 558 nato
1184 529 1304 565 vocata,

929 574 987 606 Fit
1008 574 1043 605 in
1067 575 1175 606 vinum
1196 574 1318 615 nuptiis

979 624 1073 661 Aqua
1099 625 1300 662 commutata,

932 668 1061 701 Cunctis
1085 673 1159 710 post
1182 669 1338 711 prodigiis

978 716 1077 756 Signa
1097 720 1173 749 sunt
1195 720 1382 750 monstrata.

932 792 1054 833 Gaude,
1081 793 1166 833 quod
1191 793 1368 833 redemptio

978 841 1042 873 Per
1065 844 1099 872 te
1120 841 1209 872 venit
1234 840 1318 879 data,

929 889 1007 922 Nati
1030 889 1077 919 tui
1101 889 1208 929 passio

976 937 1061 969 Dum
1085 935 1124 968 fit
1149 939 1374 976 consummata,

928 984 1056 1016 Adfixit
1078 983 1222 1023 patibulo

974 1031 1116 1064 Mortem
1142 1035 1174 1062 et
1195 1034 1339 1071 peecata,

929 1078 1023 1112 Omni
1047 1079 1145 1110 vitam
1169 1079 1297 1111 saeculo

975 1127 1065 1158 Nece
1088 1127 1146 1159 das
1170 1125 1306 1158 sublata.

930 1203 1052 1241 Gaude,
1079 1211 1200 1234 summo
1225 1202 1341 1242 gaudio

973 1250 1082 1283 Mater
1104 1249 1288 1289 iucundata,

928 1298 1125 1338 Resurgente
1147 1297 1214 1330 filio

975 1345 1102 1377 Maesta
1127 1344 1315 1385 confortata,

929 1393 1025 1426 Cuius
1050 1392 1241 1424 resurreetio

977 1441 1071 1473 Omni
1093 1440 1212 1472 mundo
1237 1444 1330 1480 grata

928 1487 1045 1520 Mortis
1071 1492 1120 1520 est,
1145 1487 1319 1519 destructio

976 1536 1052 1568 Vita
1074 1538 1235 1575 reparata.

929 1611 1052 1651 Gaude,
1079 1611 1184 1643 caelos
1209 1612 1365 1655 scandere

976 1659 1095 1691 Filium
1119 1661 1273 1698 speetata,

929 1706 1040 1746 Causa,
1067 1716 1160 1747 quam
1184 1716 1339 1747 peragere

975 1755 1081 1794 Venit,
1102 1758 1338 1795 eonsummata3

928 1802 952 1834 O
979 1811 1072 1842 quam
1097 1803 1180 1834 laeto
1204 1805 1346 1843 pectore,

975 1850 1072 1889 Quam
1099 1850 1279 1882 exhilarata

927 1897 1037 1937 Ipsum
1061 1906 1160 1937 regna
1184 1902 1296 1937 petere

975 1945 1142 1984 Conspieis
1169 1945 1284 1978 beata!

929 2019 1051 2061 Gaude,
1077 2022 1180 2053 saneti
1204 2022 1337 2063 spiritus

976 2070 1056 2109 lgne
1079 2069 1284 2110 perlustrata,

929 2115 995 2154 Quo
1021 2118 1177 2156 promisso
1204 2119 1336 2152 caelitus

976 2164 1106 2197 Gaudes
1127 2164 1326 2200 inflammata

928 2212 1017 2244 Intus
1043 2217 1074 2244 et
1098 2214 1237 2246 exterius

976 2260 1055 2293 Cum
1076 2269 1175 2301 grege
1198 2262 1305 2303 beata,

929 2307 1031 2341 Tanto
1058 2309 1181 2341 eunctis
1205 2309 1343 2352 plenius,

976 2356 1099 2396 Quanto
1124 2357 1225 2397 magis
1250 2361 1352 2397 grata.
