1651 2606
641 115 868 151 ,98ss

121 216 173 250 11.
201 216 290 249 Haec
315 220 428 249 cuncta
453 216 562 256 fugent
581 214 686 255 noxia,
800 213 853 245 12.
880 212 1052 244 Praestent
1075 212 1129 244 hic
1149 211 1220 252 pati
1243 210 1361 251 tristia,

202 264 364 296 Aboleant
385 264 581 305 peccamina,
878 259 1059 292 Humilient
1080 259 1283 299 praecordia,

201 311 251 343 De
274 321 369 343 manu
393 319 516 352 quoque
541 310 726 342 daemonum
880 306 1076 339 Confirment
1099 316 1157 339 nos
1182 308 1216 339 in
1243 306 1347 347 gratia

201 358 270 391 Nos
295 358 418 390 salvent
441 359 474 390 in
499 358 697 398 perpetuum.
882 353 1104 395 Coronentque
1127 355 1162 386 in
1179 354 1292 396 gloria.

184 424 257 452 Clm.
277 424 429 452 Monacen.
452 422 500 459 (ol.
520 419 670 459 Tegurin.)
690 419 725 448 19
733 418 798 449 824.
819 428 895 449 saec.
918 418 961 448 15,

555 523 603 555 82.
636 523 680 555 De
701 522 805 554 Armis
826 521 950 554 Christi.

299 595 448 636 Vulnera,
476 602 601 634 corona,
627 603 716 633 crux,
742 593 834 632 clavi,
860 594 981 631 lancea,
1008 593 1100 633 stola,

300 641 449 684 Spongia,
475 650 542 683 vae,
569 643 706 680 sputum,
730 641 926 681 mantellum,
951 650 1105 683 purpura,
1132 643 1295 682 sceptrum

300 689 377 722 Cum
402 691 517 729 statua,
545 687 661 727 facula,
687 687 807 728 virgae,
831 687 969 729 flagella,
993 688 1135 729 lucerna,

299 736 406 768 Pelvis
432 744 502 767 cum
527 738 647 775 cantro,
674 734 811 776 forceps,
838 736 993 775 velamen,
1020 736 1153 778 arundo,

241 785 272 816 5.
298 783 412 815 Petrus
438 786 469 814 et
487 782 614 823 ancilla,
640 783 752 822 gallus,
778 792 898 826 mucro,
923 783 1067 824 maneus,
1093 784 1168 815 alba

298 830 428 871 Tunica,
456 830 570 871 taxilli,
596 839 695 871 mons,
721 830 815 869 calix,
842 830 1012 871 palmaque
1035 831 1164 870 nummi,

344 877 435 910 Haec
457 880 532 910 sunt
556 886 653 915 arma,
680 877 793 917 quibus
817 875 957 910 flectitur
974 887 1067 910 omne
1082 887 1175 919 genu,

646 944 666 967 ὃς
838 946 857 967 a<

741 972 761 992 >k

303 1019 437 1060 Christe,
462 1029 521 1059 per
544 1019 624 1052 haec
648 1029 746 1060 arma,
772 1029 899 1062 quaeso,
924 1029 976 1052 me
999 1021 1170 1053 virtutibus
1191 1031 1290 1065 arma,

300 1066 401 1099 Arma
422 1068 496 1100 Iesu
522 1066 641 1099 Christi
667 1067 841 1100 defendant
866 1077 924 1100 nos
949 1078 970 1100 a
991 1076 1070 1100 nece
1094 1069 1179 1100 tristi

219 1114 273 1147 10.
301 1113 437 1146 Cunctos
464 1117 638 1158 cernentes,
666 1114 802 1147 contrito
829 1116 925 1148 corde
950 1119 1106 1155 petentes.

178 1178 247 1207 Cod.
274 1179 476 1208 Vindobonen.
499 1177 583 1208 4106.
609 1187 684 1208 saec.
708 1178 752 1207 15.
776 1194 816 1199 —
838 1179 858 1208 4
883 1181 993 1217 forpex.
1022 1195 1059 1200 -
1086 1180 1104 1208 7
1132 1183 1203 1210 sunt
1228 1190 1310 1210 arma
1329 1184 1407 1217 Iesu,

103 1218 217 1253 quibus.
239 1231 273 1236 --
294 1216 331 1244 In
351 1217 502 1245 derselben
521 1217 576 1245 Hs.
596 1217 694 1245 finden
712 1217 776 1246 sich
795 1218 872 1246 noch
893 1219 941 1246 die
958 1219 1115 1255 f01genden
1135 1220 1241 1248 Versa:

529 1266 652 1293 Portans
673 1274 772 1293 secum
792 1274 875 1293 arma
893 1267 981 1302 digne

530 1305 556 1331 A
575 1303 714 1338 periculis
735 1307 764 1331 et
781 1302 850 1340 igue

531 1341 572 1369 Et
594 1342 631 1369 ab
652 1343 737 1377 aquis
758 1344 803 1370 est
822 1350 950 1376 securus,

533 1379 605 1407 Cum
626 1382 671 1407 est
688 1381 780 1407 vit-am
801 1380 976 1413 redditurus,

532 1417 729 1445 Sacramentis
748 1426 809 1445 non
826 1418 938 1445 carebit

530 1455 593 1483 Nec
612 1455 768 1483 daemonia
788 1456 916 1491 pavebit.

530 1492 638 1520 Mulier
657 1494 689 1520 in
708 1496 795 1529 partu
815 1494 918 1522 stricta

531 1529 656 1558 Portans
677 1539 775 1559 secum
800 1539 883 1559 arma
901 1532 982 1568 picta

531 1568 704 1596 Contuenda
726 1572 891 1598 reverenter

530 1606 602 1634 Mox
623 1607 752 1635 solvetur
773 1609 836 1635 eius
855 1610 965 1636 venter.

554 1697 601 1729 83.
638 1698 682 1730 De
702 1699 806 1730 Armis
828 1699 952 1732 christi.

119 1767 150 1799 1.
177 1766 201 1798 O
229 1774 314 1810 crux,
342 1768 438 1808 salve,
463 1769 605 1808 pretiosa
854 1770 982 1814 Captus,
1009 1773 1124 1812 palmis
1150 1775 1344 1816 vulneratus,

222 1812 343 1845 Ferens
369 1815 480 1847 mundi
503 1816 627 1859 gaudia,
852 1817 952 1858 sputo
977 1820 1092 1860 laesae,
1118 1822 1277 1862 adligatus

177 1860 280 1900 Salus,
305 1861 372 1893 vita
396 1862 545 1903 gratiosa,
900 1865 1073 1899 Columnae
1096 1877 1156 1907 pro
1181 1871 1310 1909 populo.

222 1908 337 1940 Mundi
360 1916 433 1948 spes
458 1913 491 1940 et
513 1910 623 1950 gloria.

256 1965 262 1971 ,
445 1966 452 1972 ,
795 1934 826 1965 4.
854 1932 950 1964 Cuius
974 1933 1058 1965 latus
1083 1934 1294 1976 perforatum,

120 1966 152 1998 2.
180 1965 204 1998 Ο
232 1964 379 1997 diadema
403 1974 556 2010 splneum,

855 1980 977 2020 Corpus
1003 1982 1092 2012 veste
1117 1982 1289 2021 spoliatum

175 2011 296 2065 thffstl
321 2020 433 2066 cruore
458 2021 605 2068 rosen-mn
854 2025 978 2058 Pendet
1003 2027 1102 2060 clavis
1129 2029 1329 2064 vulneratum

177 2060 236 2099 Qui
261 2061 380 2099 sceptri
404 2068 464 2100 per
488 2061 661 2095 ludibrium
902 2074 939 2106 In
966 2083 1059 2106 cruce
1082 2084 1142 2116 Pro
1167 2076 1304 2111 homine·

174 2106 303 2140 Iudaeis
327 2105 365 2138 fit
388 2108 615 2149 OPPPObfium5
853 2121 927 2153 Iesu
953 2120 1043 2161 bone,
1071 2125 1144 2155 tuae
1170 2126 1275 2157 crucis

119 2165 149 2199 3,
177 2165 208 2196 A
234 2163 347 2204 quibus
373 2167 422 2195 est
443 2162 631 2206 flagellatus,
855 2168 956 2200 Serva
979 2177 1090 2202 servos
1116 2174 1149 2203 et
1171 2171 1205 2203 in
1221 2172 1312 2211 lucis,

174 2211 281 2252 Virgis
307 2219 416 2243 caesus
440 2216 472 2244 et
495 2216 622 2253 potatus
854 2216 926 2248 Hac
949 2216 989 2249 de
1012 2218 1079 2250 vita
1104 2228 1182 2258 quos
1209 2220 1352 2262 deducis,

221 2258 301 2291 Diro
327 2257 412 2291 fellis
437 2261 561 2301 poculo,
903 2264 970 2297 Fac
995 2265 1134 2304 gaudere
1159 2267 1271 2307 gloria.

179 2325 310 2353 Oration.
336 2333 391 2353 ms.
413 2325 443 2354 S.
462 2323 578 2354 Mariae
604 2327 641 2355 ad
666 2327 768 2357 Seotos
800 2332 870 2358 anni
892 2328 975 2359 1410.
1004 2331 1076 2359 eod.
1103 2331 1181 2360 Scot.
1201 2333 1409 2365 Vindobonen.

104 2361 140 2391 54
165 2362 185 2391 h
209 2360 236 2391 8.
263 2363 297 2390 A.
325 2378 363 2383 -
388 2363 461 2392 Clm.
486 2365 639 2393 Monacen.
659 2364 706 2401 (ol.
729 2366 870 2401 Schiren.)
891 2366 997 2397 17466.
1021 2377 1097 2397 saec.
1120 2368 1164 2398 15.
1186 2371 1251 2399 add.
1273 2380 1350 2402 saec.
1374 2375 1411 2403 14

102 2400 330 2438 (Vorsetzblatt).
365 2403 400 2430 B.
434 2417 473 2422 —-
508 2403 638 2432 Oration.
672 2413 725 2432 ms.
758 2406 936 2444 Tegurinum
971 2416 1046 2436 saec.
1074 2407 1117 2437 15.
1153 2408 1226 2437 Olm.
1256 2411 1412 2443 Monaeen.
