1651 2606
703 504 724 535 1,
755 503 799 535 De
820 511 860 536 ss.
882 503 1048 537 Trinitate.

221 573 279 606 la.
307 572 454 605 Summae
479 571 551 605 fons
576 572 796 618 iucunditatis,

225 726 283 758 2a.

228 878 288 911 3a.

229 1126 289 1158 4a.

227 1373 285 1405 5a.

225 1620 285 1653 6a.

223 1869 283 1903 va.

224 2119 283 2152 8a.

310 619 360 652 De
384 629 445 660 quo
472 622 586 653 cuncta
609 620 760 655 bonit-atis

357 667 495 700 Manant
515 667 681 712 beneficia,

311 724 411 765 Tuae,
441 724 539 765 Deus,
566 734 628 758 vox
653 729 797 770 naturae,

311 772 522 805 Pulchritudo
549 777 716 806 creaturae

358 819 406 853 Te
428 821 542 853 laudat
565 829 623 861 per
649 822 772 862 omnia3

314 877 405 917 Quod
431 877 476 909 sis
498 878 555 910 lux
581 877 738 919 amabilis,

357 926 527 957 Astrorum
553 924 718 966 fulgentia,

313 972 403 1011 Quod
429 972 472 1004 sis
500 972 709 1014 delectabilis,

358 1018 492 1051 Florum
516 1020 695 1052 redolentia

408 1066 472 1099 Suo
496 1067 590 1099 modo
616 1066 712 1101 fatur.

316 1123 365 1155 Tu
390 1124 496 1155 lumen
518 1125 674 1165 veritatis,

315 1171 446 1204 Caelum
467 1171 675 1215 sinceritatis,

311 1218 416 1251 Locus
441 1219 641 1252 amoenitatis

315 1291 678 1303 .......

361 1313 411 1346 Tu
434 1314 583 1347 miranda
607 1315 718 1354 gloria.

312 1370 362 1402 Tu
385 1379 476 1403 mons
501 1371 720 1415 excellentiae,

359 1418 408 1450 Tu
433 1418 528 1451 vallis
554 1428 587 1450 es
613 1428 755 1459 amoena,

311 1465 360 1498 Tu
381 1464 460 1498 ficus
486 1467 681 1507 clementiae,

358 1515 409 1547 Tu
431 1513 506 1547 vitis
530 1523 593 1547 uva
617 1515 723 1555 plena,

408 1561 457 1594 Tu
481 1560 604 1594 fructus
629 1562 815 1596 honestatis,

312 1618 361 1651 Tu
386 1619 495 1660 virgae
519 1628 595 1661 nux,

310 1666 360 1699 Tu
384 1675 507 1699 summa
528 1666 596 1708 lux,

310 1713 359 1746 Tu
383 1717 493 1746 noster
519 1714 594 1755 dux,

310 1761 361 1794 Ne
386 1761 486 1794 hostis
511 1765 585 1795 trux

358 1810 551 1850 Triumphet
577 1811 611 1843 in
638 1809 794 1853 conflictu,

309 1867 359 1902 Tu
381 1869 483 1900 malus
509 1877 542 1901 es
566 1868 734 1911 pomifera,

310 1915 360 1948 Tu
383 1917 503 1949 nardus
528 1916 700 1960 odorifera,

358 1964 408 1997 Tu
434 1965 601 1997 cinamomi
629 1966 778 2006 calamus,

358 2012 409 2045 Tu
426 2021 561 2053 sponsus
581 2022 613 2046 es
629 2016 660 2045 et
675 2013 844 2055 thalamus,

405 2060 451 2093 Et
474 2070 564 2094 amor
590 2063 622 2094 et
646 2061 810 2097 amandus.

311 2117 358 2151 Te
384 2127 447 2151 vox
473 2118 575 2151 dulcis
600 2119 804 2160 philomenae

360 2166 541 2207 Organique
566 2166 668 2199 dulcis
694 2176 789 2200 sonus

310 2214 356 2247 Et
379 2215 537 2249 humanae
560 2216 740 2248 cantilenae

357 2262 461 2295 Mirus
487 2266 520 2294 et
543 2263 679 2296 motivus
704 2273 800 2296 sonus

407 2311 601 2344 Praedicant
611 2312 845 2345 suavissimum.

915 574 972 609 1b.

915 726 971 760 2b.

916 878 974 912 3b.

913 1124 971 1159 4b.

916 1372 975 1407 5b.

913 1621 973 1654 610.

914 1870 973 1904 7b.

913 2120 972 2154 8b.

1000 575 1024 608 Ο
1050 576 1199 608 maiestas
1224 575 1365 616 unitatis,

1001 622 1025 655 O
1050 625 1193 664 potestas
1217 622 1381 664 trinitatis,

1047 671 1073 704 O
1098 679 1221 703 summa
1243 671 1378 703 laetitia.

1000 727 1091 766 Quod
1116 735 1225 760 amare
1249 729 1365 767 potest,
1392 728 1488 767 amat,

999 774 1047 807 Te
1070 773 1195 807 factura
1220 776 1287 807 tota
1310 775 1434 814 clamat,

1046 823 1109 854 Tot
1131 823 1255 862 laudeS‚
1282 825 1359 862 quot
1382 820 1469 854 folia.

1000 878 1102 911 Tuam
1124 878 1397 919 pulchritudinem

1047 926 1129 958 Solis
1154 926 1369 965 pulchritudo,

1000 973 1101 1006 Tuam
1127 973 1347 1005 celsitudinem

1048 1021 1138 1053 Caeli
1164 1020 1320 1053 celsitudo

1094 1067 1195 1100 Nobis
1224 1069 1432 1108 protestatur.

998 1125 1047 1157 Tu
1071 1134 1199 1166 pomum
1224 1125 1385 1164 novitatis,

1000 1172 1092 1206 Oliva
1116 1172 1255 1214 pietatis,

998 1220 1096 1253 Panis
1123 1220 1311 1258 saturitatis,

1001 1267 1117 1300 Vinum
1141 1267 1359 1306 iucunditatis,

1047 1316 1096 1347 Tu
1122 1316 1228 1347 suavis
1253 1314 1415 1347 memoria.

999 1372 1050 1405 Tu
1073 1372 1161 1405 viror
1186 1371 1361 1414 decentiae,

1046 1420 1095 1452 Tu
1120 1420 1223 1452 lilium
1249 1418 1407 1462 candoris,

998 1467 1046 1500 Tu
1071 1466 1182 1499 folium
1207 1466 1377 1506 recentiae‚

1046 1515 1096 1547 Tu
1121 1524 1221 1554 vapor
1247 1523 1281 1546 es
1305 1514 1424 1557 odoris,

1093 1562 1143 1594 Tu
1167 1572 1242 1595 rosa
1267 1561 1421 1594 caritatis.

999 1620 1049 1653 Tu
1075 1620 1155 1652 caeli
1177 1629 1242 1662 ros,

998 1668 1047 1701 Tu
1072 1668 1207 1709 pulcher
1231 1666 1300 1709 fios,

997 1717 1048 1748 Tu
1071 1718 1181 1748 nostra
1206 1716 1275 1756 dos,

997 1764 1046 1796 Tu
1068 1772 1166 1805 pasce
1190 1772 1247 1797 nos

1047 1812 1103 1855 Te,
1131 1820 1261 1850 summe,
1288 1812 1378 1844 suavi
1403 1812 1500 1847 victu,

1000 1870 1049 1902 Tu
1074 1869 1181 1902 frutex
1207 1869 1392 1909 aromatica,

1000 1917 1130 1950 Piscina
1156 1921 1191 1949 tu
1215 1917 1393 1958 probatica,

1049 1966 1098 1998 Tu
1123 1974 1181 1997 rex
1204 1975 1237 1998 es
1255 1968 1350 2006 atque
1366 1964 1533 2006 Dominus,

1049 2013 1099 2046 Tu
1123 2022 1256 2055 regnum
1280 2013 1495 2057 nihilominus,

1096 2061 1146 2093 Tu
1171 2062 1285 2094 mirum
1309 2064 1341 2092 et
1356 2061 1531 2094 mirandus.

999 2120 1116 2152 Botrus
1144 2119 1252 2160 Cypri,
1279 2119 1386 2151 suavis
1412 2118 1500 2151 stilla

1048 2167 1094 2200 Et
1120 2168 1256 2200 dulcedo
1282 2166 1348 2199 favi
1373 2166 1478 2199 mellis

1000 2216 1102 2248 Lacte
1124 2214 1227 2247 fluens
1253 2217 1286 2246 et
1308 2214 1461 2256 mamilla,

1048 2264 1119 2296 Hoc
1133 2266 1277 2306 testatur,
1294 2263 1379 2303 quod
1394 2262 1534 2305 excellis,

1097 2310 1258 2352 Quidquid
1302 2313 1351 2342 est
1389 2310 1535 2343 dulcissi*

1304 2367 1400 2391 mum.
