1651 2606
608 27 861 62 2-212—

429 133 494 167 209.
523 131 642 163 Iubilus
664 127 842 166 Quindecim
863 126 1027 159 Graduum.

772 219 802 250 5.
830 219 910 258 Ave,
939 217 979 249 de
1004 226 1066 257 qua
1089 217 1152 258 lex,
1177 216 1354 256 prophetae

830 265 961 298 Clarent
986 267 1099 297 cuncta
1125 263 1213 297 dieta
1238 264 1277 296 de
1302 267 1344 304 te,

880 312 1007 345 Clarum
1031 312 1093 345 hoe
1116 312 1322 354 mysterium3

832 363 912 401 Ave,
940 360 1099 400 quondam
1124 361 1330 401 repromissa,

829 409 920 442 Tunc
943 408 1112 448 promissa,
1138 408 1257 441 mundo
1277 409 1388 447 missa,

876 456 977 490 Modo
1003 456 1131 498 pienum
1157 455 1318 497 gaudium.

97 224 128 257 1.
153 224 233 263 Ave,
259 227 370 263 mater,
400 232 477 263 quae
500 222 682 262 primaevae

154 271 243 303 Mala
265 271 360 312 pellis
384 270 492 302 matris
516 268 615 306 Evae,

201 319 287 359 Quae
309 317 453 358 pepercit
476 315 612 356 nemini;

151 368 230 406 Ave,
259 365 355 406 virgo,
380 363 441 395 Dei
466 365 569 403 porta,

150 413 201 445 De
225 422 286 452 qua
309 411 427 443 mundo
451 410 536 442 salus
562 411 641 450 orta,

200 460 291 492 Salus
314 458 402 491 venit
424 457 552 489 homini.

103 538 133 569 2.
159 538 237 572 Ave,
264 543 353 567 sacro
380 533 475 566 verbo
500 542 625 576 parem,
776 534 806 566 6.
833 534 912 573 Ave,
937 542 997 573 per
1024 541 1116 572 quam
1143 533 1229 565 salus
1253 533 1374 573 mundi,

157 583 263 616 Verbo
288 581 373 614 faeta
396 581 487 613 verbi
510 590 638 624 parens⁷
832 580 974 613 Mundus
1000 581 1065 613 exit
1090 581 1130 613 ab
1153 581 1310 613 immundi

199 629 293 669 Regis
318 637 427 669 regum
452 630 607 668 omnium3

152 678 232 717 Ave,
258 677 370 709 summi
394 676 484 708 verbi
508 679 620 718 mater,

154 724 243 764 Quod
269 725 308 757 de
332 733 452 757 summo
476 724 564 756 misit
585 728 679 765 pater

202 772 264 803 Pro
289 772 391 804 salute
414 771 564 812 gentium.

880 628 1056 661 Praedonis
1089 629 1243 668 domini03

832 677 912 716 Ave,
941 676 1028 708 euius
1054 678 1125 708 ortu
1150 677 1218 709 nati

833 724 936 757 Homo
961 724 1065 763 primo
1087 724 1217 756 libera-ti

880 771 986 804 Primo
1012 772 1097 804 redit
1121 772 1247 813 gaudio.

95 849 127 881 3.
151 849 229 891 Ave,
256 848 356 888 virgo,
381 848 504 888 signum
528 848 611 888 rubi,
775 849 806 882 7.
831 848 912 889 Ave,
938 847 1052 888 duleis,
1078 849 1177 889 salve,
1203 849 1268 889 pia,

152 895 261 927 Ruhus
286 896 379 927 ardet,
402 904 460 927 nee
485 899 544 936 est,
567 895 625 927 ubi
831 895 954 929 Nostra
975 899 1046 928 tota
1069 905 1154 937 spes,
1180 896 1295 934 Maria,

197 941 359 974 Flammae
384 942 447 974 sint
471 943 623 986 vestigia3
880 944 986 984 Atque
1010 945 1097 976 vitae
1120 943 1279 984 praemia3

152 990 235 1030 Ave,
260 990 361 1029 virgo,
386 992 495 1022 sancto
517 993 612 1029 partu
829 990 910 1030 Ave,
938 991 1035 1032 digna
1059 991 1204 1031 salutari,

153 1036 250 1077 Virgo
276 1040 387 1079 mater,
412 1037 493 1069 nulli
516 1046 576 1078 par
600 1039 644 1077 tu,
832 1038 918 1078 Quae
941 1038 975 1070 in
1000 1041 1054 1071 tuo
1080 1040 1214 1071 salutari

200 1084 330 1116 Patrem
354 1084 441 1124 paris
465 1083 541 1116 filia.
879 1085 963 1118 Nato
988 1087 1093 1119 salvas
1119 1087 1234 1121 omnia.

94 1160 126 1193 4.
154 1160 233 1204 Ave,
262 1161 302 1192 de
326 1170 388 1201 qua
411 1170 502 1193 mons
525 1162 702 1202 praevisus,
774 1163 805 1196 8.
831 1163 911 1201 Ave,
936 1171 1058 1195 summa
1083 1162 1180 1205 digna
1202 1164 1310 1205 laude,

153 1207 204 1239 De
229 1217 290 1248 qua
312 1208 396 1248 lapis
422 1211 470 1240 est
492 1208 633 1241 abscisus
832 1209 960 1242 Summa
984 1214 1096 1251 mater,
1124 1220 1245 1243 summe
1269 1212 1375 1252 gaude

199 1254 271 1288 Non
295 1264 405 1287 manus
430 1254 554 1299 offiei03
878 1258 1027 1290 Paradisi
1051 1258 1199 1301 sedibus3

152 1303 230 1341 Ave,
257 1303 356 1345 virgo,
383 1302 474 1343 virga
496 1304 594 1346 Iesse,

154 1349 251 1389 Virgo
277 1349 373 1390 digna
395 1353 497 1382 mater
520 1359 600 1389 esse,

201 1396 273 1429 Non
299 1399 448 1438 corrupta
470 1396 548 1431 filio.

832 1305 911 1346 Ave,
938 1305 1038 1346 virgo,
1064 1306 1120 1338 lux
1146 1307 1314 1347 caelorum,

831 1351 953 1384 Lumen
977 1352 1070 1384 nobis
1094 1352 1260 1386 beatorum

879 1397 998 1432 Confer
1017 1400 1082 1431 tuis
1105 1400 1267 1439 precibus.

163 1479 230 1507 Cod.
252 1480 456 1508 Carolsruhan.
471 1480 537 1516 Aug
538 1482 595 1509 ien.
616 1478 662 1509 36
683 1489 758 1509 saec.
780 1479 853 1509 ²4l1b.
868 1497 904 1501 —
920 1482 1069 1519 ,Explicit
1088 1484 1198 1513 iubilus
1219 1485 1387 1522 quindecim

87 1517 235 1553 graduum.
240 1516 253 1531 ‘²
287 1519 371 1547 Naeh
385 1519 468 1554 jeder
486 1519 687 1556 Halbstrophe
706 1519 780 1556 folgt
798 1519 849 1548 der
868 1492 1003 1557 Anfang·P
1002 1523 1081 1550 eines
1101 1522 1230 1551 Gradual
1233 1523 1386 1553 -Psalmes.

491 1666 551 1698 210.
583 1667 641 1706 „Te
661 1666 773 1700 Deum“
794 1668 975 1701 Marianum.

99 1755 131 1787 1.
155 1753 202 1786 Te
228 1754 317 1785 deam
345 1754 438 1795 digne
460 1755 609 1788 laudibus
773 1759 803 1791 3.
828 1758 901 1791 Tibi
927 1769 1034 1793 omnes
1057 1761 1200 1795 homines

202 1803 234 1833 et
259 1801 416 1834 dominam
440 1802 586 1842 fatemur,

157 1848 204 1881 Te
224 1849 258 1880 in
282 1850 377 1881 terris
403 1850 553 1891 virginem

201 1899 362 1929 aeternam
386 1906 582 1940 veneramur,

152 1944 198 1977 Te
222 1942 370 1976 feminam
396 1945 542 1978 eximiam

204 2000 311 2024 omnes
335 1992 430 2024 laude
454 1992 568 2027 famur.

97 2070 129 2104 2,
156 2068 201 2101 Te
225 2071 357 2101 matrem
382 2067 609 2102 fertilissimam

202 2117 356 2149 elementa
381 2117 498 2160 dicunt,

156 2163 228 2196 Tibi
252 2165 367 2204 iugiter
390 2165 518 2197 vocibus

202 2214 309 2244 ereata
327 2212 529 2255 benedicunt,

154 2259 201 2291 Te
225 2269 288 2292 non
313 2261 450 2293 colentes
474 2261 622 2294 laudibus

202 2317 236 2339 se
258 2308 344 2348 ipsos
369 2309 573 2343 maledicunt.

880 1811 954 1839 sunt
977 1818 1103 1849 semper
1128 1812 1313 1853 servientes,

833 1854 907 1886 Tibi
933 1865 1040 1888 omnes
1066 1858 1171 1898 angeli

877 1906 951 1935 sunt
975 1913 1102 1944 semper
1127 1906 1347 1947 obsequentes,

830 1949 904 1981 Tibi
929 1954 961 1982 et
985 1952 1169 1993 archangeli

877 1998 1076 2039 virtutesque
1101 2005 1261 2037 canentes,

773 2074 806 2105 4.
832 2073 1046 2118 Principatus‚
1071 2079 1247 2116 potestates

879 2124 911 2153 et
937 2123 1114 2157 dominatus
1140 2130 1298 2171 sonantes,

833 2169 879 2201 Te
905 2169 1075 2204 Cherubim
1101 2176 1133 2204 et
1158 2174 1326 2215 Seraphim

880 2225 950 2250 eum
975 2219 1099 2252 thronis
1116 2224 1190 2254 sunt
1205 2223 1384 2265 laudantes,

833 2265 880 2297 Te
903 2269 1016 2299 cuncta
1042 2269 1121 2300 caeli
1147 2270 1273 2310 agmina

879 2316 954 2346 sunt
976 2314 1092 2356 iugiter
1118 2316 1276 2351 dicentes:
