1651 2606
687 47 941 83 -196—

177 155 208 187 2.
236 152 348 185 Gaude
372 152 433 184 hac
456 150 587 192 laetitia,

284 209 376 240 quam
400 202 433 231 te
457 199 616 230 salutante

235 247 387 280 Habebas
413 248 452 281 ab
477 245 589 285 angelo

284 298 316 326 et
339 295 399 327 tibi
419 294 581 332 narrante,

236 343 325 383 Quod
352 342 391 374 de
415 342 524 373 saneto
545 337 660 379 spiritu

287 397 371 422 esses
396 389 567 426 acceptura

237 437 363 470 Prolem
386 438 488 467 mater
510 432 626 466 florida

284 487 317 516 et
339 483 428 524 virgo
450 490 609 515 mansura.

205 586 212 594 .
240 560 351 593 Gaude
375 568 411 592 eo
436 559 561 601 gaudio,

284 617 344 647 quo
370 616 441 639 eras
465 606 599 650 repleta,

237 655 321 687 Dum
344 654 378 686 in
405 655 517 686 ventre
540 662 684 694 gesseras

285 704 339 734 tuo
364 704 469 733 mente
493 702 577 733 laeta

238 751 353 791 Iesum,
377 749 440 781 Dei
464 748 573 789 filium,

286 797 341 837 qui
365 800 414 829 est
439 796 617 830 consolator

240 845 357 877 Noster
380 844 584 877 fidelissimus

287 895 382 933 atque
404 892 568 925 liberator.

208 997 214 1003 .
242 970 266 1002 O
291 968 397 1001 Maria
422 968 558 1006 domina,

288 1015 391 1056 gratia
415 1018 449 1047 tu
473 1015 579 1055 plena,

241 1064 340 1104 Virgo
362 1063 514 1106 prudenS,
539 1062 667 1103 nobilis,

288 1110 373 1143 mitis
398 1119 437 1143 ac
460 1118 582 1153 serena,

241 1158 395 1190 Ardentis
421 1167 440 1189 a
462 1158 584 1190 baratri

290 1215 341 1237 me
364 1208 454 1238 tuere
477 1215 592 1247 poena,

243 1254 305 1285 Per
329 1257 363 1285 te
384 1252 475 1285 fruar
499 1253 600 1294 gloria

292 1309 360 1332 cum
386 1300 503 1332 sanctis
529 1308 669 1335 amoena,

213 1403 219 1410 .
247 1377 369 1418 Gaude,
393 1385 466 1408 nam
490 1376 644 1409 laetitiam

292 1424 448 1456 Iohannes
472 1424 661 1456 monstravit

245 1472 401 1514 Baptista,
426 1471 459 1502 in
484 1473 574 1503 utero

294 1528 385 1559 quem
410 1521 512 1551 mater
534 1520 684 1559 portavit,

244 1567 327 1599 Erat
350 1566 404 1598 hie
427 1566 608 1606 tripudians

297 1614 515 1652 exsultatione,

249 1662 337 1701 Quod
365 1661 404 1692 de
428 1664 483 1693 tua
507 1664 639 1693 venerat

295 1709 494 1741 salutatione.

216 1811 222 1817 .
252 1785 363 1818 Gaude
388 1794 423 1817 eo
449 1785 575 1824 gaudio,

298 1832 381 1872 quod
404 1835 482 1864 tune
505 1831 655 1873 habuisti,

250 1880 352 1913 Nocte
374 1879 447 1912 dum
472 1880 506 1911 in
529 1879 714 1912 Bethlehem

297 1931 399 1960 mater
422 1927 576 1967 peperisti

254 1976 328 2009 Sine
352 1983 456 2015 poena
480 1984 622 2015 puerum,

299 2023 402 2056 Iesum
427 2021 638 2061 benedictum,

253 2070 313 2111 Qui
338 2075 481 2102 nostrum
505 2070 667 2109 expellere

301 2121 431 2150 venerat
458 2117 616 2152 delictum,

219 2222 227 2230 .
254 2195 375 2236 Gaude,
401 2196 503 2226 mater
527 2194 665 2238 Domini,

301 2252 374 2276 nam
399 2242 475 2275 laeti
500 2240 590 2274 fuere

254 2293 411 2331 Pastores‚
440 2290 513 2322 dum
539 2289 643 2331 angeli

301 2348 409 2372 vocem
435 2338 574 2381 audiere,

864 1184 919 1218 10.

868 1592 922 1626 11.

871 2003 925 2036 12.

938 144 1002 176 Per
1026 149 1120 181 quem
1144 142 1249 173 ortum
1267 139 1423 172 noverant

983 191 1127 222 nostrum
1152 188 1356 225 salvatorem,

939 237 1110 276 Christum,
1140 236 1221 268 caeli
1248 235 1419 274 dominum,

986 285 1096 317 mundi
1122 286 1309 316 creatorem.

936 362 1038 395 Stella
1063 361 1143 394 caeli
1166 359 1286 401 lucida,

984 419 1003 442 o
1029 409 1117 450 virgo
1148 408 1296 448 fecunda,

939 458 1037 490 Nulla
1060 458 1146 490 inter
1170 455 1305 488 feminas

986 505 1045 538 tibi
1070 514 1131 545 par
1147 504 1297 546 secunda,

938 556 969 586 A
993 556 1027 585 te
1050 561 1176 594 semper
1201 550 1333 592 profluit

985 601 1116 641 pietatis
1142 600 1239 643 unda,

939 650 989 682 Tu
1011 657 1062 680 me
1085 658 1104 681 a
1130 647 1313 680 criminibus

987 695 1131 729 omnibus
1157 695 1302 730 emunda.

908 798 916 806 .
943 773 1065 813 Gaude,
1091 782 1164 805 nam
1188 772 1355 811 laetitiam,

988 820 1142 853 Dominus
1170 819 1244 851 dum
1269 821 1363 851 natus

941 869 992 901 De
1015 872 1049 901 te
1070 867 1141 908 fuit,
1167 867 1279 899 mundi
1304 874 1362 897 rex

990 916 1132 956 caelique
1156 916 1279 954 beatus,

941 963 1214 997 Domanstrabant
1238 962 1354 1003 angeli,

991 1012 1116 1051 quando
1145 1010 1336 1043 cantilenam

944 1058 1120 1091 Cantarunt
1144 1067 1216 1090 eum
1239 1057 1357 1098 gaudio

992 1107 1110 1139 claram
1136 1108 1168 1138 et
1192 1114 1367 1138 amoenam.

946 1183 1070 1224 Gaude,
1095 1181 1154 1214 flos
1177 1182 1332 1223 laetitiae,

991 1240 1065 1262 nam
1089 1233 1154 1262 tres
1179 1230 1383 1262 laetabantur

944 1279 1059 1319 Reges,
1089 1278 1215 1310 stellam
1241 1277 1382 1310 lucidam

995 1326 1069 1357 dum
1096 1325 1403 1366 contemplabantur,

947 1372 1136 1405 Adorabant
1159 1372 1281 1413 gloriae

993 1428 1110 1460 regem,
1138 1428 1230 1459 quem
1255 1422 1422 1459 noverunt,

946 1469 1079 1509 Aurum,
1105 1476 1245 1500 murram
1269 1476 1370 1507 puero

996 1518 1028 1546 et
1051 1518 1102 1547 tus
1128 1515 1320 1549 obtulerunt,

950 1592 1071 1633 Gaude,
1097 1591 1157 1623 flos
1184 1592 1374 1634 dulcedinis,

995 1649 1068 1672 nam
1094 1644 1223 1671 sanetus
1250 1640 1420 1680 gaudebat,

951 1688 1034 1720 Dum
1060 1690 1148 1719 tuum
1173 1688 1340 1728 puerulum

996 1735 1030 1768 in
1052 1735 1170 1776 templo
1197 1736 1338 1777 videbat,

951 1783 1088 1824 Simeon,
1115 1792 1206 1823 quem
1232 1782 1378 1815 manibus

997 1831 1064 1862 suis
1089 1831 1279 1871 acceptavit,

951 1879 1045 1910 Anna.
1068 1878 1159 1912 novit
1183 1878 1281 1911 vidua

998 1925 1084 1958 hunc
1109 1928 1141 1957 et
1165 1926 1328 1959 exaltavit.

953 2003 1053 2043 Virga
1075 2002 1162 2035 Iesse
1186 2001 1313 2046 florida,

1001 2050 1089 2092 virgo
1116 2050 1270 2091 speciosa,

950 2098 1015 2132 Vel
1038 2097 1097 2131 fios
1121 2101 1216 2139 atque
1241 2099 1335 2139 viola,

1003 2146 1106 2179 lilium
1130 2155 1169 2180 ac
1192 2156 1278 2187 rosa,

955 2193 1067 2227 Herba
1091 2194 1265 2236 odorifera,

1003 2242 1078 2275 vitis
1103 2241 1287 2285 fecundosa,

958 2290 1062 2323 Caelis
1086 2289 1140 2323 fac
1163 2299 1214 2322 me
1238 2289 1362 2330 perfrui

1004 2338 1078 2370 luce
1102 2338 1250 2379 gloriosa.
