1653 2608
552 547 607 580 117.
641 548 685 579 De
705 546 945 579 Festivitatibus
968 547 1052 579 BMV.

243 619 358 661 Aveto,
385 619 471 650 salus
496 618 644 658 omnium,

243 665 352 698 Mater
377 668 408 697 et
434 665 522 706 virgo
549 666 717 709 virginum,

244 713 309 746 Ora
333 722 392 753 pro
422 713 513 745 nobis
538 713 707 746 Dominum

246 762 376 793 Patrem
400 764 487 793 tuum
514 765 547 793 et
571 761 682 805 filium,

212 835 219 842 .
246 809 293 842 Ut,
316 812 373 841 tua
396 808 596 842 annuntiatio

243 858 352 897 Atque
376 859 489 889 sancta
514 858 689 901 conceptio,

246 904 395 937 Gloriosa
420 904 547 948 paritio,

245 952 351 992 Digna
376 951 556 991 purificatio

245 1000 290 1032 Et
311 1000 345 1031 in
374 1000 469 1032 caelis
496 999 671 1039 assumptio

163 1048 219 1081 10.
245 1047 426 1080 Tormentis
450 1047 516 1079 sint,
539 1046 714 1078 remedium

845 808 902 843 15.

927 619 973 651 Et
995 618 1027 649 in
1053 619 1164 659 poenis
1189 618 1352 658 solacium,

926 666 974 699 Ut
996 675 1055 705 per
1077 666 1173 698 istam
1198 666 1391 709 memoriam,

928 715 1026 754 Quam
1052 723 1110 754 pro
1136 714 1238 746 salute
1263 714 1400 746 omnium

929 762 1119 802 Recolimus,
1147 762 1364 802 dignissimum

928 809 1082 842 Caelestis
1106 811 1193 842 vitae
1218 810 1364 842 bravium

930 857 1166 897 Consequamur
1192 860 1224 889 et
1248 857 1406 898 gaudium.

927 905 1008 942 Ave,
1034 907 1137 937 mater
1161 905 1384 945 orphanorum,

928 951 1019 993 Spes,
1045 951 1185 984 solamen
1211 952 1407 992 miserorum⁷

927 1000 990 1031 Pro
1015 998 1107 1031 nobis
1130 1008 1186 1031 ora
1210 1000 1390 1043 Dominum,

846 1048 902 1079 20.
928 1046 1059 1079 Patrem
1083 1048 1171 1078 tuum
1197 1050 1229 1078 et
1253 1046 1365 1081 filium.

225 1113 297 1141 Cod.
316 1113 437 1141 Trecen.
457 1111 505 1148 (ol.
530 1111 756 1148 Claraevallen.)
779 1110 861 1140 1612.
888 1121 962 1141 saec.
987 1110 1029 1140 15.

569 1205 625 1238 118.
666 1206 710 1237 De
730 1205 934 1247 conceptione
955 1205 1043 1238 BMV.

165 1267 193 1300 1.
221 1267 290 1300 Iam
315 1267 430 1299 laetum
458 1266 575 1299 mundo
606 1266 772 1311 promitur,

219 1315 304 1347 Dum
327 1324 410 1347 nova
434 1315 490 1346 lux
518 1314 714 1354 accenditur,

222 1362 288 1395 Sub
313 1363 399 1395 nube
422 1362 518 1394 stella
540 1363 659 1403 tegitur

269 1410 400 1443 Ventris
426 1409 484 1442 sub
509 1409 713 1452 umbraculo;

221 1459 397 1498 Antiquam
421 1458 470 1490 ius
497 1457 702 1499 dispergitur,

219 1506 329 1540 Scelus
353 1512 498 1538 nostrum
523 1505 729 1547 abstergitur,

219 1556 304 1589 Dum
330 1553 461 1587 coluber
485 1551 700 1594 submergitur

267 1602 410 1643 Virginis
436 1601 575 1635 oraculo,

184 1686 191 1693 .
223 1660 344 1692 Plaude
369 1669 453 1692 nunc
476 1659 621 1701 interius,

220 1709 324 1741 Homo
352 1707 467 1740 fraude
491 1707 648 1748 perditus,

219 1755 268 1787 Te
292 1755 437 1797 respexit
459 1754 615 1788 Dominus

267 1805 373 1844 Larga
398 1803 527 1844 pietate,

217 1852 316 1891 Quam
341 1851 490 1893 promisit
514 1852 655 1892 angeluS‚

217 1900 356 1933 Deitatis
381 1899 523 1942 nuntius,

218 1948 319 1981 Nobis
345 1949 567 1989 peccatoribus

264 1998 325 2030 Pia
348 1997 508 2037 largitate.

180 2079 187 2087 .
217 2055 272 2088 Sol
299 2057 465 2087 contectus
491 2055 601 2088 nubilo

219 2103 408 2144 Congaudet
433 2103 598 2148 altissimo,

216 2153 342 2191 Corpus
369 2152 405 2183 in
430 2152 619 2191 corpusculo

264 2199 418 2240 Spiritali-
438 2198 538 2231 iubilo

216 2248 261 2282 Et
285 2248 319 2280 in
345 2247 458 2280 matris
483 2248 603 2288 gremio

215 2296 374 2331 Gom-ider
400 2295 474 2328 huic
500 2297 638 2337 saeculo,

214 2346 253 2378 In
280 2344 437 2377 claritatis
462 2344 592 2385 speculo

264 2393 408 2428 Laudem
424 2393 542 2426 trinam
558 2393 613 2425 dat
625 2393 774 2428 Domino.

847 1268 879 1301 4.

905 1267 999 1300 Nunc
1023 1266 1205 1308 praefulget
1230 1267 1368 1306 claritas,

904 1315 994 1348 Haec
1020 1316 1107 1347 clara
1131 1315 1185 1356 pia
1210 1315 1336 1354 raritas,

906 1362 1079 1403 virginalis
1108 1362 1288 1395 fecunditas

902 1410 1117 1451 Fecundaque
1142 1410 1318 1450 virginitas,

903 1460 983 1498 Ave,
1010 1462 1085 1491 nata
1109 1467 1193 1491 nunc
1218 1461 1381 1502 concepta,

902 1505 993 1539 Infra
1015 1506 1127 1539 matris
1153 1515 1245 1539 sacra
1271 1509 1392 1550 saepta,

904 1554 955 1586 Ab
982 1555 1065 1587 omni
1090 1555 1174 1587 malo
1201 1557 1321 1599 erepta,

906 1602 1047 1635 Caelesti
1070 1611 1188 1643 sponso
1213 1603 1342 1643 adepta.

904 1660 1062 1693 Devotum
1089 1669 1181 1700 quam
1208 1661 1381 1699 oraculum,

906 1709 1105 1748 Stupendum
1131 1717 1225 1749 quam
1250 1709 1449 1750 miraculum,

907 1756 1055 1788 Dicamus
1079 1755 1149 1788 Deo
1174 1756 1317 1800 gloriam,

903 1805 993 1844 Quod
1018 1805 1113 1837 Anna
1138 1803 1265 1844 profert
1286 1804 1396 1838 filiam.

903 1853 927 1886 Ο
954 1862 1047 1893 quam
1075 1853 1176 1885 dulcis
1203 1856 1235 1885 et
1257 1852 1354 1887 beata

902 1901 964 1934 Est
987 1902 1066 1933 haec
1087 1905 1200 1940 mater,
1232 1902 1272 1934 de
1297 1903 1436 1942 quanata

903 1950 966 1982 Est
990 1950 1070 1981 haec
1096 1951 1184 1990 virgo
1210 1949 1347 1989 illibata,

904 1999 967 2031 Pro
993 1998 1097 2030 salute
1121 1998 1212 2030 nobis
1240 1997 1324 2030 data.

908 2057 932 2089 O
958 2065 1050 2096 quam
1078 2055 1217 2088 clamant,
1241 2064 1349 2088 omnes
1376 2054 1441 2087 rei:

906 2104 1034 2137 Summa
1058 2103 1144 2136 salus
1170 2106 1298 2136 nostrae
1323 2104 1402 2143 spei,

907 2153 1026 2185 Precor
1050 2155 1094 2192 te,
1121 2152 1165 2184 sis
1188 2160 1310 2183 memor
1334 2152 1397 2183 mei

907 2203 993 2233 Ante
1017 2201 1140 2233 vultum
1167 2199 1286 2232 Christi
1311 2199 1382 2233 Dei.

905 2249 977 2281 Non
1002 2248 1046 2282 sis
1072 2248 1150 2280 mihi
1175 2248 1290 2287 aliena,

904 2297 997 2331 Omni
1021 2296 1166 2329 bonitate
1191 2296 1296 2339 plena,

905 2346 991 2378 Rosa
1015 2353 1152 2377 vernans
1180 2345 1212 2375 et
1236 2352 1377 2385 amoena,

904 2393 955 2426 Dc
980 2393 1091 2426 salutis
1117 2391 1205 2424 fonte
1229 2400 1320 2427 vena,
