1651 2606
652 88 908 131 *120—

144 192 200 229 10.
226 196 275 228 Tu
299 205 429 236 sapores
454 195 592 234 conficis,

225 243 342 282 Quibus
374 244 471 276 corda
493 242 608 282 reficis,

225 291 274 323 Tu
297 300 354 323 nos
379 291 478 323 laetos
504 289 604 321 efficis

271 340 370 371 Ferre
394 338 499 378 iugum
523 336 667 377 Domini;

224 386 272 418 Tu
296 395 353 418 nos
379 385 460 417 ditas
482 392 621 423 munere,

223 434 272 465 Tu
296 441 353 465 nos
378 432 456 472 ligas
483 430 622 470 foedere,

222 481 271 512 Tu
295 488 352 512 nos
378 479 459 510 colla
483 477 620 510 subdere

269 527 336 559 Tuo
360 524 440 557 facis
464 525 581 558 ordini.

143 603 197 636 11.
223 602 308 634 Tuus
333 610 429 640 sapor
453 600 563 644 allicit,

222 651 308 682 Tuus
330 649 409 681 odor
433 648 543 687 afficit,

222 697 308 728 Tuus
332 696 420 728 viror
444 696 549 728 reficit

267 743 405 776 Nostrae
428 743 543 776 mentis
569 745 675 777 oculos
685 754 693 784 ;

219 791 288 823 Tua
313 791 413 823 dulcis
438 791 555 832 unctio,

220 838 311 871 Omni
337 839 432 879 plena
457 838 582 882 gaudio,

219 885 310 918 Forti
336 886 495 919 desiderio

266 934 380 966 Trahit
403 936 436 965 te
460 935 500 966 ad
527 934 689 973 parvulos.

822 194 877 226 12.

821 601 874 634 13.

903 193 953 225 Tu
978 192 1127 225 dissolvis
1150 186 1236 229 odia,

906 240 955 271 Tu
981 238 1138 279 extinguis
1162 238 1275 278 iurgia,

904 287 952 319 Tu
977 285 1047 319 unis
1074 286 1244 325 contraria,

948 332 1077 366 Artifex
1103 332 1278 372 mirabilis3

902 383 951 414 Tu
977 381 1115 414 adversa
1137 383 1309 420 temperas,

901 430 950 462 Tu
974 430 1102 468 incepta
1126 436 1310 469 prosperas,

901 477 950 509 Tu
975 478 1100 517 signata
1123 483 1259 517 reseras,

948 525 1070 570 Doctor
1094 522 1277 556 invisibilis,

901 601 975 633 Tibi
1001 609 1075 641 ergo
1102 600 1253 640 canimus,

901 648 975 681 Tibi
1000 648 1098 680 corda
1122 647 1302 688 pandimus,

901 696 976 728 Tibi
999 705 1111 728 manus
1135 695 1296 728 tendimus

949 744 1041 776 Nova
1066 744 1156 775 danti
1179 752 1329 785 munera3

900 791 949 823 Tu
974 800 1031 824 nos
1053 791 1087 822 in
1111 793 1144 822 te
1168 789 1274 834 refice,

899 839 949 871 Tu
978 847 1034 871 nos
1059 838 1140 870 tales
1166 837 1268 878 effice,

901 886 1017 925 Quales
1042 886 1105 917 scis
1130 895 1150 918 a
1173 886 1282 918 iudice

947 934 1116 967 Locandos
1141 934 1175 966 in
1202 934 1346 968 dextera.

200 1016 279 1044 Orat.
304 1026 357 1045 ms.
379 1017 501 1046 Maioris
524 1016 696 1046 carthusiae
717 1026 792 1046 saec.
813 1015 888 1047 ¹4l15.
928 1018 999 1046 Cod.
1020 1018 1287 1055 Gratianopolitan.
1311 1017 1374 1047 181.

576 1166 632 1198 113.
661 1167 705 1198 De
725 1166 846 1207 Spiritu
866 1167 987 1199 Sancto.

140 1264 169 1298 1.
197 1263 321 1305 Sancte,
348 1265 430 1305 veni,
457 1265 554 1297 corda
580 1265 643 1297 leni

241 1312 291 1343 Ac
315 1312 457 1352 subveni,
484 1314 652 1355 paraclite,

196 1359 288 1399 Veni,
315 1360 409 1398 clare,
436 1363 469 1391 et
491 1360 624 1400 dignare

244 1405 355 1438 Dulcis
381 1407 458 1438 dare
481 1408 594 1449 pignus
619 1408 712 1441 vitae.

139 1492 169 1523 2.
196 1490 280 1523 Veni
306 1492 372 1523 dita
397 1494 428 1522 et
451 1492 551 1525 invita

242 1539 281 1570 ln
305 1539 366 1570 hac
389 1539 456 1571 vita
480 1549 536 1572 nos
561 1540 623 1581 pie,

196 1584 247 1616 Da
271 1587 402 1625 veniam,
432 1587 473 1619 da
497 1588 639 1628 gratiam,

244 1632 295 1665 Da
319 1634 441 1673 copiam
467 1635 617 1669 laetitiae.

139 1719 170 1750 3.
195 1717 262 1750 Nos
288 1719 431 1758 complue
455 1723 486 1752 et
510 1720 604 1753 ablue

246 1765 291 1797 Et
314 1766 411 1798 indue
436 1767 596 1809 divinitus,

196 1813 234 1844 In
260 1814 413 1845 communi
438 1824 518 1855 pace
542 1817 596 1848 uni

242 1860 355 1892 Triuni
377 1870 435 1892 nos
459 1861 614 1897 funditus

139 1948 171 1979 4.
196 1944 249 1977 Da
272 1946 391 1978 socium
413 1947 577 1980 humilium

245 1993 290 2025 Et
313 1994 476 2034 proprium
501 1999 533 2027 te
559 1997 732 2037 convivam,

200 2041 280 2073 Pota
303 2044 440 2073 mentem
465 2043 623 2075 sitientem

243 2088 288 2120 Et
300 2092 501 2129 quaerentem
510 2099 622 2130 aquam
631 2092 746 2125 vivam.

141 2175 171 2208 5,
198 2173 265 2205 Fac
286 2174 447 2207 humidam
473 2175 555 2207 hanc
579 2176 702 2209 aridam

244 2221 289 2253 Et
310 2221 454 2255 floridam
478 2223 659 2263 virtutibus,

198 2268 248 2301 Da
272 2270 443 2311 humorem,
473 2271 514 2303 da
539 2271 685 2314 calorem,

239 2317 291 2349 Da
322 2319 460 2351 virorem
486 2327 555 2351 cum
579 2318 745 2355 fructibus

839 1268 870 1301 6.

843 1496 873 1529 7.

819 2179 872 2213 10.

899 1267 1004 1301 Corda
1028 1269 1147 1301 munda
1169 1272 1201 1301 et
1225 1268 1373 1312 fecunda,

943 1316 1037 1349 Roris
1062 1317 1149 1349 unda
1173 1317 1333 1362 salutaris,

897 1363 951 1395 Da
974 1373 1028 1396 cor
1054 1364 1164 1405 latum,
1192 1365 1235 1396 da
1258 1369 1403 1405 optatum

946 1411 1039 1444 Pacis
1066 1412 1175 1444 datum
1200 1413 1383 1453 singularis,

901 1495 985 1528 Sana
1011 1506 1136 1538 vanum,
1163 1506 1256 1530 serva
1282 1508 1395 1531 sanum

947 1544 1009 1577 Cor
1016 1544 1197 1585 humanum,
1207 1556 1271 1586 pax
1280 1555 1431 1587 superna,

898 1591 948 1624 Da
972 1592 1140 1634 medelam,
1170 1593 1211 1627 da
1237 1596 1402 1638 cautelam,

945 1640 997 1673 Da
1020 1641 1164 1683 tutelam,
1190 1642 1245 1674 lux
1269 1643 1407 1676 interna.

864 1751 871 1757 .
898 1726 936 1757 In
960 1726 1021 1759 hoc
1046 1726 1129 1760 festo
1154 1728 1217 1761 tuis
1241 1732 1309 1762 esto

944 1775 1034 1806 Intus
1057 1779 1186 1816 praesto
1206 1786 1266 1816 per
1282 1778 1418 1818 gratiam

898 1820 966 1853 Tua
990 1823 1060 1862 lege
1085 1826 1172 1855 tuam
1197 1833 1282 1865 rege,

944 1869 1077 1901 Rectam
1101 1873 1175 1912 tege
1199 1869 1365 1907 familiam.

1420 1804 1428 1822 7

865 1979 872 1986 .
899 1953 1006 1986 Corda
1031 1953 1114 1995 fove,
1140 1957 1265 1997 linguas
1289 1969 1392 2000 move,

946 2000 1048 2033 Dator
1072 2012 1174 2036 novae
1198 2004 1368 2048 libertatis,

899 2047 1021 2081 Doetor
1046 2049 1136 2090 bone,
1162 2052 1280 2085 unione

947 2096 1012 2128 Nos
1040 2105 1192 2139 compone
1218 2102 1371 2136 caritatis.

900 2180 1047 2213 Melliflui
1068 2186 1163 2223 potus
1188 2185 1235 2217 tui

947 2229 1015 2261 Fac
1039 2240 1095 2263 nos
1121 2230 1185 2265 frui
1211 2232 1390 2277 dulcedine,

899 2275 955 2308 Nil
980 2278 1102 2318 melius,
1129 2280 1175 2312 nil
1199 2280 1317 2323 mitius,

946 2324 1003 2357 Nil
1029 2325 1151 2359 dulcius
1176 2332 1218 2368 te,
1242 2329 1390 2366 Domine.
