1651 2606
654 57 911 93 -114—

129 156 202 188 1516
223 159 402 196 gedruckten
414 159 535 187 Breviei
553 165 611 185 von
626 155 775 183 Chiemsee
795 153 835 180 ist
854 152 905 180 das
919 151 994 180 Lied
1014 149 1067 179 als
1073 151 1209 186 Hymnus
1225 149 1290 186 (auf
1297 151 1437 180 Matutin-

127 197 188 226 und
200 197 316 227 Laudes
332 196 458 232 verteilt)
478 194 674 232 ang-ewendet.
707 192 742 220 111
757 192 851 219 einem
866 190 1037 218 Orationale
1051 189 1280 226 Campoliliense
1299 188 1437 218 saec-15.

128 235 199 264 Cod.
220 237 311 272 Camp
314 236 423 264 olilien.
449 232 476 262 2.
502 236 544 262 ist
567 241 597 260 es
622 230 740 259 verteilt
763 237 801 256 zu.
820 229 915 256 ciuem
935 230 1036 256 Garum
1055 229 1086 255 de
1107 236 1216 262 corpore
1234 229 1350 263 Christi,
1377 228 1438 256 und

129 282 207 303 zwar
222 275 270 302 fiir
285 246 352 309 jpede
371 274 495 309 Tagzeit
510 274 542 308 je
561 271 633 298 zwei
653 267 798 304 Strophen
817 267 873 294 mit
891 266 942 294 der
962 267 1142 303 Doxologie:

206 322 309 350 Gloria
329 322 393 354 tibi,
413 321 547 351 Domine,
886 315 958 343 Cum
977 317 1061 350 patre
1081 317 1241 351 sanctoque
1260 316 1420 352 spiramine

204 360 266 388 Nos
285 367 407 395 pascens
426 357 546 386 cottidie
884 355 1021 390 Regnans
1042 353 1245 386 invictissime,

205 398 331 433 Corpore
351 405 465 442 quoque
488 397 518 422 et
536 394 679 429 sanguine
882 393 944 420 Fac
962 400 1015 419 nos
1037 391 1204 419 collaudare
1222 393 1251 418 te

203 436 266 464 Tuo
287 443 338 463 rex
356 435 496 470 piissime,
882 430 970 459 Nunc
990 432 1019 457 et
1036 430 1069 457 in
1092 429 1172 458 omni
1190 431 1329 465 tempore.

423 543 483 576 106.
513 543 613 575 Merca
637 543 673 575 (lc
693 543 893 575 sacramento
915 541 1146 574 Eucharistiae.

310 624 426 658 Hostia
450 624 617 664 praeclara
644 624 748 656 cordis
773 625 931 655 mactatur
953 623 988 655 in
1012 632 1070 655 ara

311 673 434 712 Estque
458 671 527 704 Deo
554 680 638 710 cara,
664 674 781 711 quanto
807 672 880 711 plus
902 669 960 703 fiet
982 679 1101 705 amara.

312 719 389 761 Nos,
416 720 490 759 quia
513 728 693 759 peccamus,
719 718 929 751 medicamine
954 727 1081 759 semper
1105 727 1251 760 egemus3

310 767 404 799 Hanc
423 776 483 807 pro
508 768 647 807 peccatis
671 766 860 799 medicinam
885 774 1011 806 semper
1035 766 1198 798 habemus.

255 817 285 849 5.
310 815 442 848 Viscera
468 815 586 847 munda
610 823 697 857 para,
732 815 786 854 qui
810 814 900 854 pasci
925 814 1051 854 quaeris
1075 814 1108 846 in
1136 822 1202 852 ara,

311 864 430 896 Astans
454 862 559 903 altari,
585 862 640 902 pia
662 871 762 902 mens,
788 862 891 901 gaude
915 861 1087 904 lacrimari,

311 910 430 943 Libens
454 909 558 952 libari,
586 918 715 942 sacrans
742 913 850 942 curato
876 909 1006 952 sacrari,

312 959 438 999 Agnum
463 960 644 998 sumpturus
670 957 713 989 sis
738 957 823 989 omni
848 957 980 989 crimine
1003 966 1102 997 purus

311 1006 382 1037 ‘Nec
404 1006 494 1046 prius
518 1005 593 1037 hinc
619 1005 735 1046 capias,
764 1014 857 1045 quam
881 1003 987 1036 fiendo
1011 1005 1140 1036 victima
1164 1003 1241 1047 fias3

229 1053 283 1087 10.
309 1053 452 1085 Primum
476 1055 508 1084 te
532 1052 632 1093 luctu,
654 1056 728 1093 post
750 1053 836 1085 vitae
859 1052 982 1092 pascito
1004 1051 1121 1084 fructu.

311 1101 374 1133 Est
397 1110 466 1132 cum
490 1101 622 1132 lactucis
647 1100 827 1141 agrestibus
852 1109 950 1140 agnus
978 1100 1121 1132 edendus

314 1148 383 1180 Nec
414 1148 476 1180 nisi
501 1157 570 1180 cum
595 1147 734 1180 lacrimis
761 1150 792 1180 et
817 1157 887 1180 cum
911 1147 1029 1188 gemitu
1055 1146 1249 1187 capiendus;

315 1196 465 1228 Lacrima
491 1196 547 1228 (lat
570 1196 679 1235 risum,
704 1196 794 1228 lavat
817 1199 916 1236 artus,
944 1195 1000 1227 dat
1023 1194 1219 1235 paradisum.

316 1244 395 1276 Cum
419 1243 500 1275 bene
524 1243 669 1284 plorasti,
696 1252 767 1275 cum
790 1246 822 1274 te
846 1243 986 1275 lacrimis
1012 1242 1148 1283 satiasti,

230 1290 284 1324 15.
310 1291 432 1323 Mande
456 1291 633 1331 saginatum
657 1290 792 1323 vitulum
819 1291 857 1322 de
882 1290 1007 1330 virgine
1031 1293 1154 1330 natum;

315 1339 429 1371 Pastus
453 1347 489 1372 eo
515 1339 577 1369 rite
601 1346 754 1378 properes
780 1338 821 1370 ad
847 1347 967 1377 pascua
992 1338 1086 1370 vitae.

207 1413 422 1442 Collectaneum
450 1422 501 1441 ms.
526 1414 651 1442 Sanctae
678 1414 778 1442 Crucis
806 1421 881 1441 saec.
903 1412 975 1441 14115.
1021 1412 1090 1441 Cod.
1111 1412 1236 1440 Sanctae
1259 1412 1360 1440 Crucis
1384 1410 1437 1439 155

130 1452 166 1480 A.
193 1467 229 1470 —
257 1451 327 1480 Cod.
353 1451 448 1480 Palat.
471 1449 675 1479 Vindobonen.
700 1451 750 1487 (ο1.
777 1452 847 1480 Cam
849 1450 928 1488 p.en)
951 1448 1016 1479 883.
1043 1459 1119 1479 saec.
1144 1449 1219 1479 ¹¹¹l15.
1238 1451 1273 1479 Β.
1299 1466 1338 1471 -
1364 1449 1438 1477 1-5

132 1490 228 1518 fehlen
245 1490 277 1517 B.
297 1504 335 1509 —-
355 1488 372 1517 9
389 1491 470 1526 prius
490 1489 568 1517 hunc
585 1490 624 1523 B;
644 1490 739 1518 flendo
759 1489 808 1518 vel
827 1490 926 1518 hostia
938 1490 972 1518 B.
992 1503 1030 1509 —-
1052 1487 1086 1517 11
1099 1488 1140 1516 Et
1160 1488 1272 1516 cumA.
1292 1502 1332 1507 ——-
1351 1486 1385 1515 12
1398 1488 1440 1515 Et

132 1529 191 1556 nisi
209 1529 242 1556 Β.
269 1542 306 1547 -——
335 1526 370 1556 13
394 1529 477 1556 lavat
496 1531 577 1555 actus
596 1528 631 1555 Α.
653 1543 689 1547 —-
712 1526 747 1556 14
765 1529 848 1556 Tunc
868 1528 942 1556 bene
962 1531 991 1556 te
1009 1528 1088 1564 pasti
1109 1528 1143 1555 A.
1161 1541 1199 1546 -
1221 1524 1256 1555 16
1278 1527 1382 1555 Castus
1404 1536 1437 1554 eo

130 1568 186 1594 rite
206 1574 365 1602 properans
385 1567 423 1594 ad
441 1565 551 1602 gaudia
569 1567 649 1593 vitae
662 1566 695 1594 Β
709 1581 746 1586 --
760 1566 875 1594 Hieran
894 1565 1087 1594 schliessen
1075 1565 1136 1593 sich
1156 1567 1189 1593 in
1203 1565 1226 1593 Β
1245 1564 1438 1593 unmittelbar

129 1604 264 1640 folgende
284 1604 383 1638 verse,
406 1605 453 1632 die
473 1603 610 1632 sichtlich
630 1606 678 1632 ein
699 1606 814 1641 eigenes
836 1605 909 1632 Lied
928 1604 974 1632 fiir
994 1604 1058 1631 sich
1078 1603 1191 1631 hildem

360 1652 484 1679 Constat
501 1653 533 1679 in
553 1652 640 1680 altari
661 1660 776 1680 carnem
797 1652 832 1680 de
852 1660 927 1688 pane
947 1653 1049 1686 creari,

356 1690 418 1718 Iste
438 1691 519 1718 cibus
539 1690 620 1718 Deus
641 1693 694 1725 est,
715 1691 765 1725 qui
785 1694 882 1726 negat,
902 1691 988 1719 homo
1009 1699 1075 1718 reus
1097 1693 1148 1718 est.

359 1728 416 1762 Qui
435 1729 515 1764 capit
534 1728 662 1765 indigne,
683 1729 772 1765 digne
791 1729 970 1757 cruciabitur
992 1731 1066 1765 igne·

356 1766 417 1794 Hie
435 1767 518 1794 cibus
539 1768 584 1794 est
599 1768 705 1795 mentis
725 1775 785 1795 non
803 1767 930 1804 implens
950 1767 1060 1804 gaudia
1079 1768 1184 1802 dentis,

357 1805 415 1832 Hic
436 1805 518 1832 cibus
540 1806 584 1832 est
601 1806 685 1833 fortis
706 1805 870 1833 dissolvens
890 1806 1011 1833 vincula
1029 1808 1140 1839 mortis,

357 1843 417 1870 Hic
438 1843 519 1870 cibus
541 1845 586 1871 est
604 1844 696 1878 vitae3
717 1845 796 1878 iusti,
817 1846 979 1880 properate,
999 1846 1107 1879 venite,

357 1880 446 1908 Edite
466 1881 502 1909 de
520 1882 582 1908 vite
602 1882 725 1916 botrum,
747 1883 798 1917 qui
817 1882 926 1917 gaudia
944 1884 1024 1910 vitae

360 1917 477 1946 Confert
497 1919 625 1947 credenti
645 1920 748 1956 dignos
768 1920 879 1948 fructus
899 1920 1028 1948 facienti.

453 2030 514 2061 107.
546 2030 652 2062 Oratio
671 2031 755 2063 110113
776 2033 850 2063 ante
871 2031 1123 2064 communionem.

206 2111 230 2144 O
256 2112 348 2150 pater
372 2112 490 2151 noster,
516 2111 589 2143 Iesu
610 2111 713 2152 digne,
908 2112 1088 2146 Abundans
1115 2114 1212 2146 sorde
1237 2116 1270 2146 et
1288 2113 1440 2155 peccatis,

204 2158 309 2197 Alme,
333 2157 419 2190 mitis
446 2160 478 2190 et
497 2158 641 2201 benigne,
908 2161 966 2194 Nil
989 2161 1112 2194 habens
1138 2170 1234 2194 verae
1260 2161 1400 2202 pietatis.

206 2205 366 2240 Confiteor
390 2214 442 2238 me
465 2207 716 2248 praemalignum
910 2210 994 2242 Nam
1026 2218 1097 2242 cum
1122 2219 1186 2242 non
1211 2209 1443 2248 compatiantur

207 2254 356 2294 Corporis
381 2255 426 2286 tui
453 2257 485 2286 et
507 2254 683 2295 indignum,
828 2257 882 2291 10.
911 2258 1090 2300 Contraria,
1116 2258 1174 2290 sed
1199 2258 1399 2297 separantur,

148 2304 178 2336 5.
208 2302 284 2335 Cum
294 2311 407 2343 corpus
417 2305 633 2336 tuumsumme
644 2312 757 2342 purum
910 2305 991 2339 Vilis
1018 2314 1085 2347 ego,
1112 2306 1183 2349 heu,
1210 2308 1371 2349 peccator,

208 2350 281 2383 Non
308 2351 415 2392 exigat
439 2359 493 2383 cor
517 2350 610 2383 nimis
634 2352 756 2394 durum,
911 2354 1124 2386 Terrestrium
1152 2353 1360 2397 cohabitator,
