1651 2606
589 183 630 215 19.
671 184 713 216 De
733 184 953 217 Incarnationo
972 184 1101 217 Domini.

501 255 532 287 1.
558 254 610 286 Ex
635 254 754 287 adflatu
781 256 880 287 divini
903 254 1039 288 flaminis

555 302 657 334 Verus
683 303 770 335 Deus
795 313 815 335 a
839 303 967 335 summis
992 305 1132 346 veniam,

556 348 687 382 Portam
712 350 797 382 vitae
821 351 912 383 nobis
937 351 1082 390 aperiens

558 397 759 429 Subintravit
782 401 906 431 secreta
928 398 1069 439 virginis,

495 475 528 507 2.
555 472 750 505 Gravidatur
774 474 893 505 virtute
916 475 1052 506 numinis

553 519 652 560 Virgo
678 529 784 560 regem
809 521 895 553 laeta
919 522 1106 562 suscipiens,

554 566 657 598 Deum
682 567 774 600 nobis
798 568 956 601 hominem
982 570 1109 608 pariens

555 614 656 646 Primi
680 616 806 655 lapsum
829 619 1017 656 purgantem
1043 617 1188 651 hominis,

495 692 527 724 3.
553 690 577 722 Ο
604 700 698 731 quam
721 690 812 731 virgo
836 692 915 724 felix
936 693 1146 731 sanctissima,

554 738 699 770 Salutata
722 747 782 777 per
806 738 867 771 Dei
891 740 1046 783 nuntium,

552 785 675 817 Hortus
700 784 828 829 florens,
855 787 910 818 lux
934 788 1147 829 serenissima,

551 832 653 865 Facta
677 835 779 865 mater
803 834 960 874 gignendo
985 833 1095 868 filium.

493 911 525 943 4.
552 909 743 949 Incorrupta
769 911 873 941 mater
897 909 1042 950 piissima

551 956 629 988 Post
656 959 688 987 et
712 958 786 988 ante
809 956 870 988 hoc
894 958 1110 997 puerperium,

551 1003 647 1035 Iacob
673 1003 778 1042 stella,
804 1005 863 1036 sed
888 1004 1158 1045 splendidissima,

549 1050 718 1082 Trinitatis
743 1050 877 1090 simplae
902 1051 1086 1086 triclinium.

493 1129 525 1160 5.
551 1127 636 1159 Puer
660 1127 752 1159 nobis
780 1127 872 1159 datus
896 1130 945 1159 est
969 1128 1065 1159 hodie

553 1175 767 1214 Prophetatus
793 1184 813 1206 a
837 1175 955 1207 sanctis
979 1176 1135 1216 patribus,

553 1221 699 1254 Summus
723 1230 860 1262 regnans
884 1224 918 1254 in
945 1222 1057 1254 throno
1084 1221 1204 1263 gloriae

552 1269 831 1309 conversatusque
855 1279 925 1301 cum
948 1270 1138 1303 hominibus

494 1347 525 1379 6.
552 1345 655 1377 Nobis
683 1347 776 1378 datus
801 1345 885 1377 filius
910 1345 1041 1388 gratiae,

550 1392 639 1424 Luce
665 1393 766 1425 caecis
792 1394 854 1425 rite
876 1393 1061 1425 sedentibus

551 1440 588 1471 In
610 1440 754 1473 obscuris
781 1443 813 1471 et
836 1441 950 1472 umbra
975 1441 1102 1472 sauciae

551 1487 620 1519 Iter
648 1489 738 1520 dedit
762 1489 914 1520 mundum
939 1497 959 1519 a
983 1488 1141 1521 sordibus,

498 1566 528 1597 7.
555 1564 649 1596 Felix
676 1565 752 1606 dies,
779 1567 883 1596 mater
909 1566 941 1595 et
964 1562 1059 1603 filius,

554 1611 648 1643 Felix
673 1612 809 1644 mundus
833 1611 984 1644 mundum
1010 1611 1196 1653 suscipiens,

551 1659 759 1691 Fecundator
784 1658 864 1692 felix
890 1663 922 1691 et
945 1660 1085 1700 nuntius,

553 1706 648 1740 Felix
673 1708 766 1739 homo
790 1707 894 1739 Deum
919 1708 1110 1746 parturiens,

496 1776 526 1809 8.
554 1774 738 1806 Illustrator
762 1774 877 1806 sedens
904 1775 1061 1815 superius,

552 1821 749 1854 Devotorum
776 1822 875 1854 corda
898 1822 1082 1863 respiciens,

553 1870 630 1902 Pius
657 1869 748 1903 nobis
773 1870 817 1901 sit
841 1873 874 1902 et
897 1870 1066 1913 propitius,

553 1917 620 1949 Nos
646 1921 719 1958 post
742 1918 828 1950 vitae
854 1927 978 1951 cursum
1003 1919 1173 1960 recipiens.

182 2031 201 2060 ὃ
223 2031 242 2060 2
267 1995 340 2060 Cltm.
363 1995 516 2023 Monacen.
536 1992 585 2030 (ol.
605 1994 821 2029 Emmeramen)
843 1992 950 2023 14343.
972 2000 1043 2021 anni
1065 1992 1148 2023 1351.
1169 2010 1208 2013 —
1227 1993 1254 2029 4,
1269 1994 1289 2023 4
1309 1995 1441 2030 simplex.
1462 2009 1499 2015 ——

203 2055 210 2069 ,
262 2042 295 2061 oe
309 2042 343 2061 is.

602 2166 651 2198 20.
692 2167 737 2198 Do
757 2165 935 2197 Nativitate
955 2164 1086 2196 Domini.

440 2238 508 2270 Nos
534 2239 625 2277 regat
648 2241 798 2270 aeternus
824 2240 941 2277 cust0S‚
967 2240 1078 2277 partus
1104 2236 1287 2275 hodiernus,

441 2285 544 2318 Nobis
568 2286 714 2325 placatus
741 2285 782 2317 de
806 2286 929 2326 virgine
955 2286 998 2316 sit
1019 2286 1197 2325 generatim,

438 2333 506 2366 Nos
532 2342 552 2366 a
573 2335 714 2373 peccatis
739 2337 857 2375 purget
879 2332 938 2366 flos
964 2332 1168 2373 virginitatis,

433 2383 472 2415 In
497 2384 608 2415 nostra
635 2391 711 2415 cura
736 2384 799 2414 stet
825 2381 971 2414 caelestis
997 2381 1153 2421 genitura.
