1653 2608
171 1642 225 1675 10.

169 1843 223 1876 11.

164 2045 220 2078 12.

162 2248 216 2282 13.

214 220 222 227 .
250 195 330 236 Ave,
359 195 468 229 divina
492 196 603 239 gloria,

251 243 392 275 Verbum
415 244 485 276 sine
507 245 666 285 principio

250 290 296 322 Et
320 291 423 331 patris
452 292 613 332 sapientia

254 338 333 371 Cum
359 339 477 378 spiritu
501 340 668 380 paraclito.

217 431 222 437 .
251 406 331 446 Ave,
358 408 470 438 sancta
493 405 642 438 divinitas

249 454 357 493 Atque
381 462 445 485 una
462 454 611 494 essentia,

252 501 290 531 In
316 509 378 540 qua
404 500 526 532 Christi
550 501 731 533 humanitas

252 548 395 579 Aeterna
421 550 468 579 est
493 549 525 580 in
551 549 662 588 gloria.

219 640 226 647 .
253 615 334 655 Ave,
359 614 466 646 lumen
493 616 534 647 de
557 615 687 656 lumine,

250 660 367 701 Patris,
395 662 486 694 verbi
512 664 543 693 et
567 663 710 703 spiritus,

250 708 373 749 Corpus
399 709 519 742 Christi
543 710 700 750 mirabile,

249 756 369 788 Natum
394 766 453 797 pro
477 757 570 790 nobis
596 758 752 791 omnibus.

217 850 224 857 .
251 824 332 865 Ave,
358 823 440 856 fides
466 825 664 857 credentium

250 871 296 903 Et
319 872 436 904 caritas
462 873 663 905 sanctissima

250 920 358 959 Atque
382 928 456 959 spes
481 920 710 960 paenitentiam

252 967 333 999 Cum
356 966 503 1006 perfecta
525 967 659 1000 laetitia.

219 1059 226 1066 .
252 1033 323 1065 Ave
349 1041 466 1066 corona
489 1036 676 1075 martyrum,

254 1081 482 1121 Apostolorum
505 1082 625 1122 regula,

255 1127 481 1160 confessorum
505 1131 539 1161 et
562 1129 721 1176 virginum

255 1176 368 1208 Palma
392 1178 488 1215 atque
512 1176 656 1211 victoria.

219 1268 225 1274 .
248 1242 330 1283 Ave,
356 1241 437 1274 fides
465 1243 628 1283 ecclesiae,

254 1290 367 1323 Honor
391 1290 516 1323 Mariae
540 1290 684 1332 virginis,

257 1338 344 1377 Quae
369 1337 431 1370 fuit
453 1339 527 1370 aula
551 1339 682 1379 gratiae,

256 1385 356 1417 Plena
382 1385 498 1417 divinis
523 1386 658 1425 gaudiis.

216 1467 222 1474 .
250 1443 331 1481 Ave,
357 1451 481 1474 summa
504 1443 640 1475 scientia

252 1490 360 1530 Atque
383 1491 537 1531 magister
560 1491 687 1532 artium,

253 1537 390 1570 Dimitte
413 1541 523 1571 nostra
549 1539 682 1571 crimina

252 1585 390 1626 Propter
413 1595 540 1618 sacrum
564 1586 760 1626 mysterium.

252 1643 334 1683 Ave,
362 1643 520 1675 caelorum
547 1645 703 1675 canticum

250 1690 295 1722 Et
320 1690 474 1731 splendor
498 1692 619 1731 mundi,
646 1691 743 1724 hodie

249 1737 379 1771 Exaudi
404 1748 516 1778 preces
542 1740 732 1781 supplicum,

248 1786 347 1819 Pater
371 1787 624 1822 misericordiae.

250 1844 331 1885 Ave,
356 1846 469 1877 nostra
492 1845 682 1886 redemptio,

251 1891 350 1925 Fides
375 1892 445 1924 sine
470 1893 638 1933 velamine,

249 1941 392 1973 Aeterna
417 1941 457 1973 ab
480 1942 583 1984 initio,

251 1988 380 2030 Ubique
404 1989 473 2022 sine
499 1989 641 2024 crimine.

247 2046 327 2091 Ave,
355 2050 467 2080 sancta
491 2048 615 2080 iustitia

251 2094 360 2135 Atque
384 2099 568 2128 sanctorum
592 2096 780 2137 praemium,

250 2141 396 2175 Concede
420 2143 513 2176 nobis
538 2144 656 2184 gaudia

246 2191 310 2223 Per
336 2190 497 2224 Christum
522 2194 610 2224 tuum
635 2191 746 2226 filium.

239 2248 322 2289 Ave,
351 2247 447 2281 decus
473 2250 649 2291 angelicum

243 2296 287 2329 Et
311 2296 469 2330 trinitatis
492 2298 654 2339 gaudium,

243 2344 356 2379 Honor
383 2346 530 2378 caelestis
557 2347 665 2379 curiae

239 2395 347 2435 Atque
372 2397 554 2428 sanctorum
581 2396 732 2429 omnium.

791 99 932 135 15—

855 198 909 230 14.
937 198 1016 234 Ave,
1045 205 1170 229 sacrum
1193 192 1390 239 mysterium,

934 246 1108 277 Aeternum
1135 245 1203 277 sine
1225 247 1349 278 macula

934 293 1041 334 Atque
1064 295 1139 324 ante
1163 291 1333 325 luciferum

938 342 976 373 In
1000 340 1177 373 maiestatis
1202 341 1315 382 gloria.

863 408 917 441 15.
944 408 1024 447 Ave,
1051 416 1178 447 semper
1202 407 1236 438 in
1261 407 1420 439 saeculum

942 455 1059 488 Divina
1085 457 1197 487 sancta
1222 455 1338 496 hostia,

943 503 1130 534 Animarum
1159 501 1302 534 fidelium

943 550 1180 582 Nutrimentum
1208 558 1274 581 cum
1301 549 1415 590 gratia.

860 616 914 649 16.
941 618 1021 660 Ave,
1050 625 1164 656 corpus
1189 619 1221 647 ct
1245 617 1359 654 anima,

937 664 1054 696 Natum
1079 664 1119 695 de
1143 665 1245 696 matre
1270 664 1401 706 virgine,

935 713 1042 752 Atque
1067 712 1194 752 sanguis
1218 711 1251 742 in
1276 711 1390 751 hostia,

936 760 1023 792 Fons
1048 759 1189 798 pietatis,
1217 759 1336 792 veniae.

856 825 910 857 17.
936 826 1017 866 Ave,
1043 828 1172 857 aeterna
1196 825 1332 866 bonitas,

934 872 1082 904 Gloriosa
1110 873 1248 904 essentia

935 920 981 951 Et
1003 918 1128 953 infini‘sa
1155 920 1317 960 sanctitas,

941 967 1137 1008 Angelorum
1161 967 1295 1000 laetitia.

857 1032 912 1066 18.
938 1034 1018 1077 Ave,
1048 1034 1150 1066 dulcis
1174 1034 1337 1077 memoria,

937 1081 1021 1124 Iesu,
1047 1082 1189 1114 salvator
1212 1081 1342 1124 saeculi,

938 1129 986 1161 Te
1010 1129 1173 1162 collaudat
1196 1129 1334 1161 ecclesia

939 1176 1057 1209 Sancta
1082 1180 1114 1208 et
1137 1179 1240 1210 mater
1265 1177 1351 1211 fidei.

859 1243 913 1275 19.
939 1244 1020 1284 Ave,
1047 1244 1154 1275 lumen
1175 1243 1347 1285 immobile,

939 1291 1099 1331 Splendor
1122 1291 1226 1333 patris
1249 1291 1394 1332 ingeniti,

937 1340 1120 1371 Increatum
1144 1338 1301 1381 mirabile,

938 1386 1010 1418 Lux
1036 1386 1128 1418 verbi
1153 1390 1186 1418 et
1211 1385 1370 1425 paracliti.·

855 1443 910 1476 20.
936 1443 1016 1485 Ave,
1045 1443 1155 1476 divina
1180 1443 1309 1483 veritas,

940 1490 1042 1523 Causa
1068 1500 1233 1524 causarum
1258 1491 1409 1531 onmium,

936 1538 981 1570 Et
1005 1539 1132 1571 excelsa
1157 1539 1346 1579 humanitas,

936 1586 1095 1619 Fidelium
1120 1586 1282 1620 solacium.

857 1644 912 1676 21.
940 1645 1021 1684 Ave,
1046 1644 1130 1685 Iesu,
1158 1644 1304 1677 amabilis

940 1692 992 1724 Ab
1019 1692 1163 1724 omnibus
1188 1690 1338 1725 fidelibus

940 1741 1047 1781 Atque
1072 1749 1091 1772 a
1116 1741 1235 1772 sanctis
1261 1739 1382 1781 angelis

937 1788 982 1820 Et
1006 1798 1025 1821 a
1050 1788 1172 1821 cunctis
1197 1788 1404 1828 martyribus

856 1847 913 1878 22.
938 1847 1018 1890 Ave,
1048 1845 1186 1887 Christe,
1212 1845 1385 1878 laudabilis

936 1896 968 1927 A
991 1894 1110 1927 sanctis
1138 1892 1373 1927 confessoribus

936 1942 982 1975 Et
1006 1952 1025 1975 a
1051 1943 1173 1974 cunctis
1198 1942 1353 1982 apostolis

936 1990 1044 2031 Atque
1068 1991 1169 2022 sacris
1197 1990 1383 2031 virginibus

856 2048 911 2082 23.
940 2049 987 2081 Te
1013 2047 1232 2090 deprecamur,
1259 2048 1405 2085 Domine,

936 2096 1024 2129 Deus
1051 2099 1175 2129 creator
1200 2097 1349 2137 omnium,

939 2144 1088 2179 Concede
1112 2144 1205 2177 nobis
1231 2144 1328 2176 hodie

936 2192 1167 2225 Remissionem
1194 2192 1371 2224 criminum.

851 2251 906 2284 24.
934 2249 1168 2283 Benedicamus
1192 2248 1341 2292 Domino,

933 2299 1099 2332 Laudetur
1125 2300 1236 2330 saneta
1258 2297 1388 2329 trinitas

932 2347 983 2380 De
1008 2346 1137 2380 Christo
1162 2345 1225 2378 Dei
1249 2344 1315 2377 filio

931 2396 1000 2428 Deo
1025 2394 1166 2427 dicamus
1191 2393 1322 2434 gratias.
