1651 2606
713 102 949 137 *36—

197 208 229 240 2.
253 206 356 239 Exsul
379 206 413 237 in
439 204 561 243 exsilio,

302 253 384 295 Iesu,
412 253 530 285 clamo:
558 251 646 290 veni3

255 300 358 333 Dicis:
386 300 448 331 cito
473 299 576 332 venio.

298 348 417 379 Amore
444 356 508 379 non
531 343 692 386 praeveni,

255 395 396 427 Alleluia
417 402 528 426 resono

304 441 406 482 Saepe
429 438 627 476 resumendo,

256 488 374 521 Dulces
399 488 511 520 laudes
534 493 670 526 persono

302 535 347 568 Et
370 534 491 576 gaudeo
518 532 669 565 canendo.

392 591 411 609 >.<
576 589 597 607 ῆι

482 612 504 634 *a

878 200 910 232 3.
937 197 1032 230 Facit
1056 194 1160 227 laudis
1186 194 1356 226 terminum

982 242 1136 276 Defectus
1161 241 1327 283 sermonis,

936 291 1000 324 Hic
1024 291 1067 323 sit
1089 289 1163 322 finis
1190 289 1373 330 carminum,

984 339 1043 379 Qui
1068 339 1180 377 regnat
1205 337 1286 368 caeli
1311 335 1445 375 thronis,

935 387 974 419 In
996 384 1126 418 caelesti
1152 384 1241 416 curia

985 434 1076 467 Iesus
1102 435 1134 464 et
1153 430 1262 464 Maria

936 481 1102 514 Laudetur
1126 489 1186 521 per
1211 477 1339 510 saecula

984 529 1024 562 In
1049 528 1133 561 trina
1158 525 1350 559 hierarchia.

264 655 332 684 Cod.
359 655 523 683 Londinen.
546 654 618 690 Reg.
645 651 750 681 2A11.
779 659 855 680 saec.
884 650 928 679 15.
955 666 993 671 —
1018 650 1136 685 Prolog.
1165 647 1198 683 3,
1219 647 1239 676 4
1259 648 1389 676 Cedebat
1415 656 1494 675 meos

184 695 204 722 fl
212 697 284 722 etus.

699 840 747 872 28.
779 839 821 870 De
844 838 978 871 Christo.

199 931 230 964 1.
257 930 416 970 Splendor
430 930 542 970 patris,
557 927 640 969 fons,
655 930 713 970 sol,
728 938 809 969 ares,

257 978 426 1019 Languent
449 977 533 1010 oculi
557 978 688 1018 solares,

256 1025 342 1064 Quae
365 1034 422 1057 nos
447 1025 559 1063 salvet,
594 1028 629 1056 tu
654 1024 723 1056 sola
746 1032 810 1063 res,

256 1073 295 1105 In
320 1078 353 1104 te
378 1072 477 1105 clavis
501 1072 605 1104 laesos
629 1072 715 1103 lares

257 1120 355 1152 Tutos
380 1119 472 1151 nobis
496 1128 611 1162 pares,
637 1119 689 1158 ha,
715 1128 767 1151 res

256 1166 360 1199 Mira!
410 1166 497 1198 Deus
522 1168 608 1206 patri
632 1174 737 1209 pares,

257 1214 366 1246 Minor
390 1216 483 1253 patre
506 1215 593 1254 patri
617 1223 677 1253 par
702 1221 747 1255 es,

257 1261 359 1293 Nobis
384 1262 468 1295 vitae
491 1270 631 1294 mensam
655 1270 763 1303 pares.

229 1364 235 1371 .
263 1337 349 1370 Crux
374 1340 423 1368 est
445 1337 531 1381 vitis,
557 1337 619 1369 hac
641 1337 675 1368 in
699 1338 766 1369 vite

255 1384 372 1416 Botrus
398 1383 506 1424 Cypri,
536 1384 646 1416 botrus
670 1384 756 1416 vitae

255 1431 377 1471 Floret,
410 1432 497 1463 cuius
524 1431 629 1463 vinum
656 1431 718 1463 rite

262 1477 426 1517 Sumptum
453 1478 592 1510 sobrium
620 1482 652 1510 et
675 1479 753 1511 mite

258 1525 303 1557 Et
326 1526 443 1557 laetum
470 1534 526 1557 cor
550 1527 669 1558 reddit.
719 1528 779 1566 Ite,

262 1572 423 1614 Sitientes,
449 1576 481 1604 et
504 1573 640 1614 haurite,

259 1619 371 1651 Dulcis
395 1623 500 1662 potus,
527 1621 611 1652 hunc
635 1621 732 1664 sitite,

262 1667 319 1706 Qui
346 1676 401 1699 vos
423 1668 501 1711 sitit,
527 1670 558 1699 et
583 1669 698 1701 venite.

229 1767 236 1774 .
264 1741 365 1774 Cerno
389 1746 568 1783 portantem
595 1745 730 1788 dolores,

263 1788 359 1821 Corvi
382 1798 442 1829 per
467 1799 558 1830 quem
582 1792 617 1822 in
642 1792 744 1824 olores

260 1835 437 1875 Mutantur,
463 1837 555 1870 nobis
582 1839 673 1870 dolor
699 1847 742 1882 es,

260 1882 380 1915 Nostra
403 1885 498 1923 salus,
524 1888 667 1917 nostrum
692 1894 746 1919 cor
771 1896 813 1920 es.

262 1929 365 1962 Homo
388 1931 494 1971 miser,
522 1932 597 1972 quid
624 1933 697 1964 dolo
721 1943 774 1966 res

263 1977 418 2015 Quaeris?
445 1979 490 2010 tui
515 1980 662 2018 proditor
688 1989 729 2023 es,

263 2024 325 2056 Est
347 2025 471 2057 iactura
495 2028 600 2066 gravis

311 2073 494 2113 praeclaros
519 2075 657 2112 perdere
682 2083 795 2109 moreS.

230 2165 237 2172 .
264 2138 343 2171 Orat
367 2147 426 2178 pro
450 2139 542 2171 nobis
565 2143 728 2180 patronus,

267 2185 362 2218 Cuius
388 2189 436 2218 est
459 2187 492 2218 in
516 2188 602 2219 caelo
627 2188 770 2229 thronus,

266 2233 307 2265 Se
328 2243 387 2274 pro
412 2235 478 2266 suis
502 2236 613 2273 pastor
637 2234 738 2268 bonus

262 2281 362 2314 Dedit
384 2285 528 2314 nostrum
553 2280 659 2314 ferens
685 2292 775 2323 onus,

266 2328 349 2361 Colit
375 2329 459 2362 hunc
484 2329 561 2361 civis
583 2331 721 2370 colonus,

264 2377 357 2409 Orbis
383 2377 437 2410 isti
461 2377 561 2409 servit
585 2387 716 2418 pronus.

881 930 911 962 5.
938 928 988 960 Eu
1013 929 1047 960 in
1073 928 1175 959 crucis
1201 930 1271 958 aret
1296 935 1363 964 ara,

939 975 1064 1008 Munda
1090 984 1174 1017 caro,
1201 975 1320 1007 mundo
1347 982 1431 1016 cara,

940 1023 1038 1055 Labis
1064 1031 1178 1062 expers
1205 1026 1235 1053 et
1257 1023 1380 1064 ignara,

942 1070 1138 1103 Obscuratur
1160 1071 1217 1102 lux
1241 1069 1421 1110 praeclara,

939 1118 1150 1150 Fecundatur
1173 1117 1305 1149 tandem
1332 1116 1423 1156 Sara3

940 1166 1003 1206 Ha,
1022 1165 1096 1205 quid
1113 1165 1250 1205 quaeris,
1267 1173 1358 1196 mens
1372 1173 1470 1196 avara
1477 1164 1495 1194 ‘.⁴

941 1213 1031 1252 Quod
1055 1213 1165 1252 instat,
1193 1211 1264 1244 foro
1289 1215 1323 1243 te
1347 1221 1438 1252 para,

938 1261 1041 1293 Amor
1065 1269 1167 1303 rarus,
1194 1259 1276 1292 fides
1300 1269 1385 1298 rara,

942 1307 1022 1348 Spes
1049 1308 1152 1349 exilis,
1179 1316 1249 1340 sors
1275 1316 1393 1340 amara.

908 1411 916 1418 .
942 1384 1030 1416 Vera
1053 1384 1139 1416 salus
1165 1382 1356 1427 infirmatur,

943 1431 1018 1463 Sitit
1040 1430 1122 1472 fons,
1153 1432 1237 1463 n'sus
1263 1432 1421 1472 tristatur,

943 1479 1130 1512 Innocentia
1157 1474 1336 1519 damnatur,

943 1527 1019 1559 Vita
1043 1527 1154 1560 vivens
1178 1528 1274 1559 morti
1302 1527 1407 1566 datur,

942 1574 1026 1606 Dum
1052 1575 1208 1607 securitas
1233 1574 1392 1613 turbatur,

943 1622 1067 1654 Tremit
1090 1623 1176 1654 orbis
1202 1624 1234 1653 et
1258 1623 1403 1665 miratur,

944 1669 1098 1709 Princeps
1122 1670 1234 1702 mundi
1258 1670 1483 1710 triumphatur,

945 1716 1049 1757 Caput
1073 1717 1200 1750 Sisarae
1224 1716 1360 1757 foratur,

943 1764 1048 1797 Aman
1072 1766 1167 1806 perit,
1194 1769 1364 1806 superatur

945 1811 1064 1855 Golias,
1091 1812 1196 1853 Eglon
1221 1816 1364 1847 necatur.

911 1913 917 1920 .
945 1888 1055 1928 Surgit
1079 1888 1145 1921 vita
1170 1890 1256 1922 victa
1280 1892 1394 1932 morte,

947 1934 1052 1967 Gazae
1078 1935 1323 1977 confringuntur
1345 1942 1469 1977 portae,

947 1982 1193 2016 Philistaeorum
1217 1986 1348 2017 cohorte

945 2030 1011 2062 Iam
1038 2034 1201 2070 prostrata
1227 2032 1298 2065 dira
1322 2037 1410 2065 sorte

945 2077 1067 2109 Multus
1091 2077 1235 2111 illustrat
1261 2081 1359 2113 decor
1383 2084 1435 2121 te3

945 2125 1113 2170 Miserere,
1140 2136 1208 2168 reX,
1236 2137 1352 2168 precor
1377 2133 1419 2170 te,

946 2172 985 2205 In
1010 2182 1060 2204 me
1084 2177 1157 2207 sunt
1181 2178 1228 2207 tot
1255 2179 1363 2216 pestes
1388 2179 1489 2217 ortae,

946 2219 1006 2252 His
1023 2221 1159 2262 demptis
1175 2232 1302 2265 sequar,
1323 2224 1445 2265 dulcor,
1461 2228 1503 2258 te.

914 2312 921 2319 .
947 2287 1143 2322 Inexhausta
1166 2293 1201 2321 tu
1227 2290 1374 2335 dulcedo,

946 2334 1034 2379 Tibi,
1064 2338 1147 2376 quod
1173 2338 1206 2369 in
1232 2347 1283 2370 me
1309 2340 1414 2384 dulce,
1443 2342 1503 2384 dc,

946 2381 1041 2415 Dicet
1058 2385 1146 2424 quis:
1170 2385 1278 2425 Quid?
1307 2387 1399 2421 Nihil
1413 2389 1503 2432 ced0,
