1651 2606
726 98 961 138 —26-

202 203 253 235 13.
283 201 375 234 Dicas
400 202 445 234 ad
471 204 645 235 amatores:
879 199 934 231 14.
960 197 1010 229 Dc
1034 205 1085 229 me
1109 195 1188 228 inhil
1213 194 1347 227 habebis

329 249 411 288 Quid
436 249 515 281 mihi
539 248 669 281 facitis?
1009 244 1080 276 Nisi
1105 244 1269 284 solacium,

282 296 305 328 Ο
334 297 477 328 carnales
502 304 635 335 amoreS,
964 291 1033 323 Nec
1057 291 1216 323 modicum
1244 289 1388 322 censebis

330 344 391 375 Vos
416 352 468 376 me
491 343 631 384 inficitiS,
1011 339 1118 372 Vitale
1143 338 1304 378 gaudium,

281 391 304 422 Ο
332 399 386 422 vos
412 390 564 423 mundani
588 388 693 428 flores,
963 386 1040 418 Post
1066 388 1196 418 aeterne
1220 384 1342 417 ridebis

331 436 399 470 Cito
427 436 573 478 deficitis,
1009 435 1048 467 In
1074 442 1171 474 regno
1198 433 1347 465 caelitum

284 485 307 517 O
334 485 409 517 mali
432 487 641 525 suggestores,
962 481 1126 521 Beataque
1149 480 1284 523 tenebis,

278 532 330 564 Ad
356 535 503 564 aeternos
528 530 661 562 ardores
965 528 1042 562 Cum
1068 528 1146 560 mihi
1171 526 1374 564 adhaerebis,

329 578 390 611 Vos
412 587 463 609 me
488 577 677 610 conducitis.
1011 578 1101 609 Intra
1127 576 1293 615 palatium.

572 634 627 666 15.
653 633 763 675 Erras,
790 632 817 663 si
842 633 985 673 reperire

697 681 744 712 Te
766 682 861 720 putas
885 680 1010 720 melius,

651 726 720 759 Gito
748 726 844 758 debet
865 728 974 767 perire

697 775 819 807 Bonum
847 774 995 814 exterius,

650 822 687 854 In
713 822 852 854 toxicum
877 822 996 863 redire,

697 869 787 908 Quod
813 870 899 910 sapit
925 869 1071 908 dulcius3

651 916 738 957 Ergo
764 917 863 948 vitam
887 917 1027 960 acquire,

646 965 733 1003 Quae
757 973 820 996 non
844 966 951 1004 potest
974 965 1093 1006 perire,

698 1011 843 1043 Vivendo
870 1012 1021 1046 sanctiue.

264 1077 343 1105 Orat.
365 1086 417 1105 ms.
437 1077 574 1105 Italicum
595 1085 671 1104 saec.
693 1074 737 1104 15.
759 1085 802 1104 ex.
826 1075 894 1104 Cod.
918 1077 947 1105 S.
969 1077 1080 1113 Ignatii
1100 1076 1264 1104 Londinen.
1288 1084 1310 1103 s.
1331 1084 1360 1104 n.

595 1168 643 1200 23.
675 1168 722 1199 Ad
743 1167 900 1200 Christum
920 1167 1082 1200 infantem.

202 1241 233 1273 1,
261 1240 340 1278 Ave,
367 1240 439 1271 Iesu
464 1240 607 1278 parvule,
904 1240 934 1273 7.
962 1238 1032 1271 Vim
1058 1247 1203 1278 magnam
1231 1238 1337 1270 cordis
1363 1239 1470 1279 patior

305 1286 447 1327 Regnum
473 1295 530 1319 rex
556 1286 709 1329 sublimis,
1009 1287 1155 1319 Pellente
1179 1295 1231 1318 me
1255 1285 1392 1330 fervore,

255 1333 380 1365 Nobilis
405 1332 574 1375 infantule,
962 1335 1082 1367 Amore
1106 1337 1159 1365 tuo
1187 1334 1322 1375 crucior,

302 1380 386 1412 Deus
408 1390 521 1420 magne
545 1380 648 1413 nimis.
1008 1383 1078 1415 Iam
1104 1380 1186 1425 veni,
1212 1380 1271 1413 flos
1299 1380 1425 1414 decore.

198 1440 230 1470 2.
256 1437 336 1475 Ave,
363 1436 571 1480 admirabilis,
904 1440 934 1471 8.
961 1438 1013 1471 Da
1036 1438 1115 1470 mihi
1140 1447 1158 1470 o
1186 1438 1372 1471 dulcissima

303 1483 383 1516 ‘lam
408 1483 499 1515 fortis
526 1487 558 1516 et
581 1483 728 1527 famosus,
1009 1487 1112 1518 Tuum
1140 1486 1181 1518 da
1208 1487 1369 1528 dilectum,

262 1531 338 1562 Tam
364 1531 509 1570 pulcher,
535 1535 597 1564 tam
622 1532 768 1563 amabilis
962 1534 1036 1566 Mea
1062 1534 1191 1573 languet
1215 1534 1332 1574 anima,

308 1577 352 1609 Et
376 1581 459 1610 totus
485 1580 650 1618 gratiosus
1009 1583 1077 1615 Iam
1103 1582 1225 1621 patitur
1252 1580 1421 1614 defectum.

205 1636 236 1667 3.
261 1634 285 1666 O
311 1635 425 1666 mentis
453 1635 655 1678 desiderium,
905 1639 937 1671 9.
963 1638 1111 1677 Quamvis
1137 1638 1196 1670 sim
1222 1640 1446 1679 pauper-culm,

309 1681 382 1713 Iesu
409 1682 598 1723 desiderate,
1012 1686 1160 1725 Quamvis
1185 1687 1244 1718 sim
1269 1691 1431 1728 peccator,

257 1728 281 1760 O
309 1729 416 1760 nobile
441 1729 642 1771 principium,
961 1732 1048 1765 Tuus
1074 1737 1179 1766 tamen
1206 1733 1354 1775 famulus,

305 1775 329 1807 O
355 1775 442 1807 Deus
466 1777 641 1816 incarnate‚
1011 1781 1098 1813 Tuus
1124 1791 1192 1813 sum
1219 1785 1353 1816 amator.

202 1834 232 1864 4.
262 1831 396 1873 Venisti,
424 1833 647 1874 amantissime,
882 1837 936 1871 10.
964 1837 1023 1879 Da,
1049 1838 1166 1877 Maria,
1192 1848 1336 1883 puerum,

310 1878 446 1918 Propter
471 1888 521 1911 me
545 1881 671 1920 venisti,
1010 1885 1070 1924 Da,
1096 1894 1188 1925 quem
1216 1887 1313 1918 debes
1341 1889 1429 1925 dare,

262 1926 285 1958 O
313 1925 410 1967 Deus,
437 1927 509 1967 plus
535 1937 626 1967 quam
654 1929 782 1968 optime,
962 1932 1054 1972 Veni,
1080 1933 1166 1964 salus
1190 1943 1378 1977 pauperum,

310 1972 363 2004 Sic
386 1982 437 2004 me
460 1975 632 2008 attraxisti.
1011 1980 1103 2020 Veni,
1130 1980 1201 2013 Iesu
1227 1991 1309 2014 care.

202 2032 232 2062 5.
261 2029 365 2069 Salve,
393 2030 478 2061 salus
503 2031 651 2072 omnium,
883 2036 936 2068 11.
965 2035 1073 2076 Tange
1097 2046 1147 2068 me
1174 2042 1206 2070 et
1232 2038 1325 2071 effice

307 2077 443 2108 Puerule
467 2076 615 2117 formose,
1012 2084 1118 2125 Digne
1142 2088 1175 2117 te
1198 2091 1340 2131 guslare,

259 2123 405 2156 Candens
430 2124 502 2163 plus
528 2134 619 2165 quam
645 2126 757 2169 lilium,
966 2131 1056 2163 Velle
1080 2141 1184 2165 meum
1210 2135 1327 2179 aspice,

307 2171 435 2203 Rubens
460 2171 562 2204 instar
586 2181 686 2206 rosae.
1011 2179 1092 2211 Volo
1118 2184 1150 2212 te
1174 2186 1316 2222 portare,

201 2230 233 2262 6,
260 2228 326 2260 Mei
352 2228 457 2260 cordis
480 2229 638 2268 gaudium,
888 2236 939 2267 12.
966 2235 1012 2267 Te
1038 2238 1142 2277 cupio,
1168 2242 1202 2271 te
1226 2240 1310 2281 sitio,

307 2276 383 2308 Mea
406 2276 612 2330 ‘tu-dulcedo,
1011 2284 1110 2316 Modo
1136 2296 1200 2319 non
1226 2296 1364 2330 morare,

260 2323 348 2356 Tuae
370 2326 480 2356 matris
506 2333 656 2365 gremmm
942 2324 949 2334 “
965 2331 1003 2363 In
1031 2333 1138 2365 cordis
1163 2334 1226 2365 mei
1252 2338 1372 2375 gremio

310 2372 446 2412 Propter
470 2375 502 2402 te
526 2372 654 2404 accedo.
1012 2379 1119 2411 Debes
1144 2390 1328 2421 repausare.
