1651 2606
721 122 770 127 —
820 103 887 139 109
936 124 984 128 -—

631 196 692 230 100.
722 197 766 228 De
787 196 920 240 corpore
941 195 1065 229 Christi.

204 275 236 307 1.
263 274 337 307 Iesu
362 275 598 317 benignissime,
894 281 927 312 4,
953 279 1035 319 Heu,
1060 278 1147 317 mihi,
1175 277 1248 318 quid
1276 277 1401 317 faciam,

311 322 383 354 fons
408 324 527 356 amoris
553 324 644 365 casti,
997 335 1016 357 o
1040 334 1163 358 summa
1187 324 1333 365 dulcedo,

263 370 313 402 Tu
336 372 489 403 mortales
514 373 658 405 homines
951 374 1031 414 Quia
1055 374 1222 406 indevotus
1248 381 1329 410 sum,

310 419 345 450 in
370 421 493 451 tantum
519 419 643 463 amasti,
1001 421 1074 453 dum
1099 424 1132 453 te
1156 421 1258 461 ipsum
1286 420 1344 452 edo
1354 419 1370 451 ζ’

265 466 356 506 Quod
381 469 414 499 te
438 467 546 508 ipsum
564 467 703 500 credulis
951 469 1034 511 Heu,
1061 469 1154 501 nimis
1181 467 1348 508 culpabilis

310 514 345 546 in
371 513 476 546 cibum
503 515 630 547 donasti
999 519 1031 547 et
1057 517 1153 548 durus
1179 516 1307 557 accedo,

263 561 319 602 Et,
344 565 381 593 ut
404 562 451 593 tui
474 571 629 594 memores
951 563 1033 607 Heu,
1061 564 1103 596 ad
1127 563 1209 595 illud
1236 564 1332 595 durus
1357 571 1425 595 sum

310 612 343 641 te
367 612 503 650 sumant,
529 609 699 643 mandasti.
1001 611 1161 651 durusque
1185 611 1310 643 recedo.

206 668 237 699 2.
266 666 394 699 Christe
421 666 660 708 benignissime,
893 670 925 702 5.
953 668 977 701 O
1004 668 1088 707 Iesu,
1119 668 1195 709 quid
1221 666 1336 700 faciam

311 714 359 747 fili
383 714 498 748 summi
523 714 596 754 Dei,
1002 716 1118 747 vermis
1144 718 1175 748 et
1199 715 1345 756 putredo,

264 762 396 804 Precor,
421 762 637 802 indignissimi
955 763 1052 796 Cuius
1077 765 1214 795 mentem
1240 762 1392 803 opprimit

312 810 466 843 miserere
490 811 564 854 mei,
1000 811 1124 851 peccati
1150 810 1307 851 nigredo?

263 857 404 890 Tantum
430 858 574 890 caritatis
602 857 653 899 da,
952 859 1010 890 Me
1033 858 1214 891 ministrum
1241 858 1369 898 dignum
1393 855 1456 897 fac,

313 906 390 938 fidei
415 908 448 936 et
472 906 551 945 spei,
1000 906 1098 944 Deus,
1129 906 1163 937 in
1188 913 1280 945 quem
1307 903 1411 942 credo,

264 952 311 986 Ut
336 954 431 994 digne
456 953 643 993 mysterium
953 953 1016 986 Pro
1043 961 1151 984 amore
1175 952 1307 992 virginis

313 1009 436 1034 sumam
461 1003 571 1033 tantae
593 1000 651 1032 rei.
1001 1000 1113 1032 matris
1136 1000 1313 1033 intercedo.

205 1059 236 1091 3.
264 1058 348 1097 Quid
373 1058 449 1090 hinc
473 1058 608 1090 reddam
633 1056 766 1099 gratiae,
895 1058 927 1091 6.
953 1056 1073 1088 Mirum
1104 1060 1153 1088 est
1178 1056 1363 1096 certissime,

313 1106 398 1146 quod
424 1114 474 1137 me
498 1106 546 1137 sic
571 1105 699 1145 dotasti,
1002 1105 1085 1145 quod
1116 1107 1148 1136 te
1174 1103 1367 1136 comedendo

268 1153 367 1193 Quem
392 1156 427 1185 tu
451 1152 629 1185 ministerio
953 1151 1070 1184 Anima
1093 1161 1157 1184 non
1181 1150 1306 1192 liquefit

312 1203 402 1233 tanto
434 1200 596 1241 deputasti
1001 1208 1083 1240 pure
1109 1199 1281 1240 diligendO,

265 1249 317 1282 Ac
340 1248 507 1289 indignum
532 1248 682 1280 miserum
955 1247 1029 1289 Sed,
1057 1248 1127 1289 hen,
1154 1255 1171 1279 e
1197 1246 1356 1280 contrario

313 1305 441 1336 semper
465 1296 611 1328 tolerasti
1004 1294 1085 1328 dura
1113 1298 1163 1327 est
1186 1295 1325 1335 tependo

265 1344 310 1377 Et
336 1353 406 1375 cum
431 1344 494 1375 tuis
519 1342 647 1375 famulis
956 1342 1024 1374 Nec
1045 1342 1171 1375 mollire
1194 1342 1279 1375 valet
1306 1350 1340 1372 se

315 1399 445 1423 manere
471 1391 609 1423 donasti.
1003 1390 1168 1430 paululum
1194 1387 1350 1421 deflendo.

555 1448 587 1482 7.
613 1449 718 1481 Parce
740 1449 829 1489 mihi,
855 1447 1003 1487 Domine,

657 1496 711 1536 pie
735 1496 918 1536 tribuendo,

611 1544 656 1577 Ut
687 1545 855 1584 compungi
878 1544 996 1584 iugiter

659 1601 771 1632 queam
796 1594 830 1623 te
854 1591 1019 1632 sumendo,

613 1640 747 1680 Semper
771 1643 906 1672 matrem
932 1639 1087 1679 virginem

663 1688 794 1727 diligam
820 1688 963 1729 colendo,

611 1736 713 1768 Tuam
739 1744 850 1768 cenam
873 1736 1019 1767 ultimam

659 1784 693 1816 in
718 1787 824 1816 mente
847 1783 995 1817 tenendO.

274 1852 354 1880 Orat.
373 1861 426 1880 ms.
446 1851 634 1879 Ptanciscan.
657 1858 732 1878 saec.
756 1848 800 1878 15.
842 1849 911 1878 Cod.
932 1849 1096 1877 Londmen.
1119 1848 1191 1885 Reg.
1212 1845 1230 1874 2
1250 1847 1277 1874 A
1295 1847 1335 1875 Π.

636 1972 695 2005 101.
725 1971 769 2004 De
791 1972 926 2013 Corpore
949 1971 1074 2003 Christi.

209 2057 239 2091 1.
265 2057 346 2098 Ave,
376 2055 507 2087 verbum
531 2055 742 2094 incarnatum,
901 2056 930 2088 3.
959 2053 1065 2094 Salve,
1093 2061 1167 2085 caro
1193 2053 1304 2084 sancta
1328 2050 1399 2091 Dei,

268 2106 309 2138 In
333 2104 431 2136 altari
457 2105 687 2145 consecratum,
956 2102 1021 2134 Per
1046 2110 1140 2141 quam
1165 2100 1246 2132 salvi
1271 2098 1353 2131 fiunt
1376 2096 1432 2135 rei,

271 2153 373 2186 Verus
398 2152 492 2192 panis
518 2151 714 2192 angelorum,
959 2149 1075 2183 Servos
1100 2151 1171 2180 tuos
1197 2146 1372 2183 redemisti,

269 2201 374 2241 Salus,
401 2208 475 2241 spes
502 2199 758 2231 christianorum.
960 2197 1046 2230 'Dum
1071 2197 1105 2229 in
1132 2205 1225 2229 cruce
1249 2193 1443 2236 pependisti.

209 2262 241 2294 2.
269 2260 378 2302 Salve,
406 2266 524 2300 corpus
546 2257 619 2290 Iesu
644 2255 773 2301 Christi,
900 2257 932 2291 4,
961 2255 1069 2297 Unda,
1094 2264 1176 2297 quae
1202 2254 1242 2286 de
1267 2255 1299 2284 te
1323 2250 1475 2290 manavit,

268 2308 329 2349 Qui
356 2307 396 2341 de
422 2307 510 2339 caelo
538 2304 732 2338 descendisti
955 2305 986 2338 A
1011 2306 1143 2345 peceato
1169 2311 1226 2334 nos
1251 2299 1427 2339 mundavit,

268 2359 330 2391 Pro
356 2365 434 2389 vera
458 2355 570 2388 mundi
595 2354 708 2398 salute,
956 2352 1046 2393 Quod
1073 2350 1221 2393 peccavit
1245 2349 1369 2391 primus
1395 2348 1488 2380 homo

268 2404 388 2438 Libera
411 2413 470 2438 nos
495 2403 661 2436 servitute.
956 2399 1169 2435 Inoboediens
1194 2398 1227 2429 in
1252 2405 1356 2439 pomo.
