1651 2606
715 106 952 142 —97-

373 200 445 233 Sint
470 201 548 233 mihi
572 204 715 236 tutamen
739 205 795 236 tua
819 205 962 246 vulnera,
988 204 1123 248 Christe,
1153 207 1296 244 cruenta,

376 248 516 289 Iugeque
542 251 684 284 solamen
713 251 754 284 de
777 252 848 284 miti
874 253 971 285 corde
994 250 1124 294 fluenta,

376 295 497 336 Culpae
521 307 700 339 purgamen
726 300 848 332 cunctis
873 300 959 334 vitiis
984 301 1193 342 medicamen,

373 344 467 376 Vitae
491 344 642 387 libamen,
669 348 828 388 protectio
854 348 1007 388 corporis.
1034 348 1147 383 Amen.

813 424 859 458 ΙΙ.

369 486 429 526 Qui
453 497 511 520 nos
535 489 712 530 plasmasti,
739 490 842 522 nostri
866 490 1027 531 miserere,
1055 493 1190 530 creator,

374 536 482 575 Atque
507 534 690 568 reformasti
714 546 772 569 nos
797 540 899 570 morte
923 541 988 582 tua,
1014 539 1192 579 miserator,

375 582 513 627 Christe,
538 583 716 616 barathrali
741 585 883 618 salvatos
909 586 1030 618 exitiali

375 631 484 664 Morte
508 631 687 672 gehennali,
714 640 772 664 nos
799 641 867 665 eme
891 634 1081 674 perpetuali.

374 677 466 717 Quod
490 681 635 718 praestes
661 679 732 719 rite,
760 679 814 720 qui
840 680 896 713 das
920 689 1033 720 pacem
1058 682 1127 714 sine
1151 682 1210 714 lite

372 725 413 758 In
438 734 536 766 regno
561 727 656 770 vitae,
682 736 752 759 cum
781 728 886 761 dices:
916 728 977 770 Ite,
1002 729 1119 763 venite.

256 789 328 818 Cod.
350 790 556 820 Sitanstetten.
578 790 644 821 265.
666 801 743 821 saec.
766 791 810 821 15.

645 914 693 945 80.
726 914 770 945 De
790 915 901 946 sancta
922 913 1024 945 Gracc.

378 993 415 1025 In
441 1001 537 1027 cruce
560 994 670 1034 palma
693 993 765 1033 fuit,
792 994 917 1038 cedrus,
945 1003 1125 1037 cupressus,
1151 996 1247 1035 oliva,

374 1040 502 1080 Datque
526 1041 642 1080 pedem
669 1041 794 1082 cedrus,
821 1043 968 1074 truncum
992 1051 1170 1083 cupressus,
1197 1042 1283 1074 oliva

373 1087 439 1120 Dat
463 1087 563 1129 capiti
586 1088 741 1129 tabulam,
767 1088 904 1131 praebet
928 1089 991 1121 duo
1014 1088 1149 1122 brachia
1171 1090 1299 1131 palma,

373 1135 469 1168 Unde
493 1135 591 1169 fidem
618 1137 743 1177 cedrus,
771 1145 861 1177 spem
888 1145 1065 1180 cupressus,
1094 1137 1151 1170 sed
1177 1146 1316 1171 amorem

374 1182 488 1224 Signat,
509 1183 605 1228 oliva,
630 1183 748 1217 bonum
771 1184 867 1217 finem
892 1184 948 1225 pia
971 1184 1081 1225 palma
1102 1184 1230 1225 figurat.

251 1248 322 1277 Cod.
347 1248 550 1278 Sitanstetten.
572 1248 636 1278 265.
658 1258 733 1278 saec.
757 1248 801 1278 15.

575 1371 617 1403 81.
652 1370 762 1403 Oratio
784 1371 822 1403 de
841 1370 945 1403 Armis
969 1371 1095 1404 Christi.

209 1475 217 1482 .
246 1450 351 1493 Salve,
378 1452 556 1492 praeclara,
583 1451 705 1488 inclita,

245 1500 421 1531 Armatura
449 1499 634 1532 dulcissima

248 1546 369 1579 Christi
393 1547 456 1579 Dei
481 1550 513 1580 et
537 1547 684 1588 hominis,

245 1595 309 1627 Pro
334 1594 427 1627 nobis
453 1594 542 1635 passi
565 1595 702 1629 miseris.

210 1680 217 1687 .
244 1652 350 1691 Salve,
380 1652 499 1686 Christi
524 1652 677 1693 venditio,

246 1700 325 1733 Cum
353 1701 456 1733 cultro
482 1704 514 1733 et
539 1701 710 1742 praeputio

244 1748 432 1789 Sudoreque
455 1749 639 1790 sanguineo,

247 1796 326 1829 Cum
351 1797 447 1841 gallo,
476 1796 595 1830 Christi
625 1797 741 1837 captio.

213 1883 219 1889 .
248 1853 354 1895 Salve,
387 1855 535 1888 columna
557 1854 688 1895 nobilis,

247 1902 325 1936 Cum
350 1901 487 1944 flagellis
513 1906 546 1936 et
570 1903 715 1944 vinculis,

244 1950 379 1984 Sacrata
402 1952 486 1985 almo
511 1952 666 1993 sanguine

240 1999 292 2033 Ex
321 1999 443 2033 Christi
469 1998 540 2033 fuso
565 2008 709 2041 corpore.

210 2084 217 2091 .
244 2056 351 2100 Salve,
376 2057 476 2090 vestis
502 2066 667 2100 purpurea

240 2105 286 2139 Et
311 2108 427 2138 cuncta
452 2105 573 2139 Christi
598 2106 742 2147 vulnera,

242 2153 323 2188 Cum
348 2152 499 2187 effluente
523 2155 687 2195 sanguine,

241 2202 308 2241 Quo
335 2202 537 2235 redimuntur
561 2202 696 2236 animae.

209 2286 216 2293 .
243 2260 349 2302 Salve,
376 2260 452 2292 alba
477 2263 510 2292 et
535 2260 660 2301 colaphi

240 2309 292 2342 Ao
315 2308 529 2342 velamentum
557 2309 650 2347 oculi,

243 2358 345 2397 sputa
369 2366 495 2398 quoque
521 2360 552 2389 et
575 2358 689 2397 alapae

242 2406 339 2439 Illata
361 2405 436 2439 bino
460 2409 615 2448 tempore.

225 2466 342 2494 Blume,
356 2465 402 2489 Pia.
415 2466 561 2490 Dietamina.
590 2466 630 2490 IV.

899 1454 930 1486 6.
958 1452 1062 1496 Salve,
1090 1453 1201 1484 mortis
1223 1452 1391 1490 sententia,

959 1501 1054 1540 Crux,
1083 1500 1175 1541 clavi,
1202 1500 1299 1540 scala,
1327 1500 1448 1540 lancea,

956 1549 1129 1590 Distensio‚
1157 1547 1307 1593 ludibria,

956 1598 1103 1638 Acetum,
1130 1595 1176 1628 fel
1201 1598 1233 1627 et
1257 1596 1400 1637 spongia.

919 1680 926 1688 .
956 1654 1061 1695 Salve,
1089 1654 1222 1693 arundo,
1250 1653 1371 1696 titulus,

959 1702 1095 1746 Corona,
1123 1700 1240 1742 forfex,
1267 1702 1413 1741 malleus,

957 1750 1066 1784 Omnis
1093 1750 1185 1783 dolor
1211 1752 1243 1781 et
1266 1750 1373 1790 passio

958 1798 1079 1831 Christi
1102 1801 1135 1831 et
1160 1797 1344 1838 exspiratio.

919 1879 926 1887 .
953 1856 1059 1899 Salve,
1083 1856 1196 1888 matris
1222 1856 1411 1896 compassio,

956 1904 1034 1937 Nati
1057 1913 1181 1945 quoque
1205 1903 1387 1946 propassio,

954 1953 1043 1986 Fons
1070 1952 1191 1992 duplex
1215 1952 1283 1983 eius
1307 1951 1420 1983 lateris

953 2001 1021 2034 Nos
1046 2001 1171 2039 lavanS,
1198 2009 1315 2033 ornans
1342 1999 1463 2040 gratiis.

920 2085 928 2094 .
955 2060 1061 2101 Salve,
1084 2059 1267 2099 sepulcrum
1291 2057 1409 2097 nobile,

954 2108 1070 2140 Lintea
1094 2116 1165 2139 cum
1190 2109 1332 2139 aromate

954 2156 1000 2188 Et
1025 2163 1168 2196 quaeque
1194 2154 1314 2187 Christi
1338 2153 1464 2192 reliqua

958 2204 1119 2236 Passionis
1146 2202 1292 2242 insignia.

923 2286 930 2295 .
957 2262 1048 2294 Haec
1074 2262 1187 2293 cuncta
1212 2262 1287 2291 tuae
1313 2257 1419 2290 dulcia

958 2310 1120 2343 Passionis
1145 2307 1293 2349 insignia,

956 2358 1070 2391 Dulcis
1094 2357 1177 2397 Iesu,
1205 2353 1358 2397 glorifico,

957 2407 1069 2440 Adoro
1095 2410 1127 2439 et
1151 2401 1329 2445 magnifico.

1303 2458 1319 2487 7
