1653 2608
170 188 224 224 14.
250 188 384 225 Omnino
408 193 592 233 praesentia

301 238 361 272 tibi
391 242 567 282 corporalis

252 286 342 319 Tunc
367 288 532 322 subtracta
555 288 675 330 fuerat;

302 343 320 366 ο
347 339 466 376 quanta
493 340 525 369 et
549 339 651 379 qualis

252 383 291 415 In
315 385 349 415 te
374 384 529 417 desolatio

302 439 496 472 consequens
522 432 696 476 descendit,

253 479 340 518 Quae
366 482 399 512 et
421 484 509 512 tuam
533 480 671 512 animam

301 527 495 567 perturbans
521 527 669 560 offendit!

173 593 228 627 15.
257 593 335 626 Cum
363 594 522 634 propheta
548 594 655 626 dicere

300 642 434 681 potuisti
459 640 584 674 flendo:

252 690 377 730 Aquam
405 689 501 722 ducat
525 690 635 722 oculus

298 745 387 769 meus
415 737 623 778 deplorando,

251 784 332 824 Quia
356 786 489 817 recessit
513 795 532 817 a
556 794 607 817 me

299 833 480 865 consolator
504 842 603 873 meus,

250 880 380 913 Ducens
402 890 505 913 meam
531 881 669 913 animam

299 927 445 961 Christus
469 928 671 963 homo-deus

168 995 223 1027 16.
251 994 346 1026 Nune
370 1004 456 1037 ergo,
487 996 667 1027 misericors

297 1042 449 1082 virgoque
474 1042 622 1083 benigna,

248 1089 340 1122 Omni
365 1089 461 1130 plena
485 1092 599 1131 gratia,

295 1138 380 1169 omni
405 1137 501 1171 laude
524 1139 629 1181 digna,

779 95 846 134 153
898 115 941 125 -4

856 407 911 442 17.

854 807 908 842 18.

938 197 984 229 Te
1005 204 1173 238 precamur
1197 198 1370 241 supplices,

987 247 1140 286 quatenus
1169 244 1296 277 illorum

937 293 1096 337 Fletuum,
1122 293 1282 338 tristitiae,

987 342 1123 373 omnium
1151 340 1305 379 dolorum,

938 408 1057 447 Quibus
1082 410 1117 439 ut
1142 408 1335 447 compatiens

983 455 1038 496 pia
1062 458 1164 487 mater
1189 454 1315 487 Christo

937 503 1018 536 Toto
1039 503 1134 543 plena
1159 503 1284 536 saeculo

982 550 1089 583 fueras
1118 550 1152 582 in
1176 551 1247 591 isto,

936 597 1086 639 Digneris
1109 598 1305 638 perfundere

981 654 1040 678 nos
1065 655 1128 678 una
1150 646 1263 678 saltem
1288 647 1385 686 stilla,

935 692 980 725 Ut
1005 696 1133 726 nostrae
1157 694 1328 726 memoriae

983 742 1026 773 sit
1049 741 1148 774 infixa
1169 742 1237 775 illa.

933 808 1007 840 Iesu
1028 817 1131 848 poena
1155 808 1301 841 vulneret

982 855 1091 895 tuique
1116 856 1235 888 doloris

935 902 1069 935 Gladius
1098 912 1155 936 nos
1181 904 1321 944 qualibet

983 951 1036 982 die
1060 953 1182 991 septem
1205 951 1305 993 horis,

934 997 979 1029 Ut
1003 997 1050 1029 sic
1074 1001 1128 1029 tuo
1153 998 1269 1038 gaudio

981 1044 1103 1085 filiique
1126 1046 1172 1077 tui

933 1092 971 1124 In
998 1095 1130 1125 aeterna
1153 1093 1256 1133 gloria

981 1148 1159 1173 mereamur
1183 1140 1256 1174 frui.

231 1212 319 1241 Scala
341 1213 417 1241 caeli
437 1222 514 1242 saec.
535 1212 580 1242 14.
603 1223 647 1243 ex.
691 1215 761 1243 Cod.
781 1215 906 1251 Pragen.
926 1215 1001 1243 XIII
1019 1215 1047 1243 E
1068 1214 1093 1244 3.
1114 1231 1151 1235 —
1172 1215 1198 1251 1,
1221 1214 1236 1243 1
1257 1216 1406 1253 templum.

570 1326 631 1359 156.
664 1326 706 1357 De
728 1325 943 1366 compassione
963 1326 1049 1358 BMV.

161 1407 191 1441 1.
219 1406 256 1439 In
287 1408 406 1447 templo
431 1407 605 1439 Ierusalem

270 1454 398 1488 Christo
426 1457 632 1495 praesentato

220 1502 337 1535 Plenus
362 1502 419 1535 ille
443 1502 570 1536 Simeon

267 1550 391 1592 Spiritu
415 1553 542 1583 sacrato

159 1620 190 1651 2.
217 1618 329 1658 Tuam,
356 1618 470 1659 inquit,
496 1619 633 1650 animam

268 1666 403 1699 Gladius
428 1666 590 1705 transibit,

223 1713 292 1746 Neo
317 1714 489 1754 quidquam
518 1714 557 1746 de
582 1713 727 1746 omnibus

268 1762 344 1795 Istis
369 1762 569 1803 praeteribit,

158 1831 189 1863 3.
216 1830 299 1870 Quin
323 1832 493 1871 patrentur
519 1830 646 1871 singula

264 1880 296 1911 A
320 1887 372 1910 me
396 1887 481 1911 nunc
504 1878 680 1918 praedicta,

215 1927 313 1970 Audi,
336 1930 440 1959 mater
464 1926 564 1967 regia,

262 1975 287 2008 Ο
314 1978 417 2008 mater
440 1974 570 2010 invicta.

154 2044 186 2076 4.
213 2042 263 2076 De
288 2042 374 2075 ferro
399 2043 451 2075 vel
478 2042 518 2076 de
543 2042 646 2076 calibe

261 2091 352 2124 Nihil
382 2092 600 2133 prophetavit,

213 2140 277 2173 Sed
305 2139 425 2172 doloris
451 2139 593 2180 gladium

257 2189 343 2221 Vere
375 2187 551 2228 denotavit,

150 2258 182 2290 5.
208 2259 238 2290 A
267 2265 328 2297 quo
354 2258 409 2288 tua
435 2256 541 2287 anima

258 2304 378 2339 Acrius
405 2306 454 2336 est
478 2305 576 2344 laesa,

210 2355 309 2394 Quam
335 2353 363 2385 si
388 2353 436 2386 sic
460 2353 494 2385 in
521 2361 655 2393 corpore

255 2402 324 2435 Tuo
351 2410 436 2435 esses
462 2409 564 2445 caesa,

849 1407 880 1439 6.

830 2256 885 2289 10.

909 1407 1044 1440 Carnem
1069 1407 1152 1439 hanc
1178 1409 1252 1440 dum
1278 1416 1437 1452 cerneres,

953 1455 1053 1495 Quam
1078 1458 1112 1487 tu
1138 1456 1312 1496 concepisti

906 1502 952 1534 Et
976 1506 1030 1535 tuo
1054 1503 1197 1544 virgineo

952 1550 1052 1583 Lacte
1075 1552 1250 1592 nutrivisti,

871 1642 879 1651 .
904 1617 1115 1658 Flagellatam
1142 1619 1282 1659 undique

953 1666 1053 1707 Virga
1079 1667 1210 1710 duriori,

905 1713 1019 1754 Plagas
1042 1715 1157 1756 plagae
1181 1715 1322 1755 additas,

951 1762 1085 1795 Livores
1110 1762 1213 1803 livori,

869 1854 876 1860 .
903 1828 1056 1862 Adfixum
1079 1830 1224 1870 patibulo

953 1877 1059 1911 Clavis
1083 1878 1200 1911 laniari

902 1926 1073 1967 Morteque
1096 1927 1284 1969 pallescere,

952 1974 1052 2007 Latus
1078 1974 1249 2008 vulnerari.

903 2042 967 2075 Ubi
993 2043 1076 2075 ensis
1101 2042 1229 2076 Simeon

948 2090 994 2123 Te
1019 2094 1096 2123 tunc
1120 2091 1310 2129 vulneravit,

900 2139 1001 2171 Tuam
1026 2142 1169 2172 sanctam
1194 2139 1330 2172 animam

948 2187 1028 2219 Dire
1052 2186 1246 2227 penetravit.

901 2255 995 2287 Nunc
1020 2264 1095 2296 ergo
1120 2253 1301 2286 misericors

948 2303 1109 2345 virgoque
1132 2302 1270 2343 benigna

899 2352 993 2385 Omni
1017 2352 1113 2392 plena
1138 2350 1252 2392 gratia,

948 2400 1040 2433 Omni
1065 2398 1161 2432 laude
1188 2399 1291 2439 digna,
