1651 2606
748 104 980 142 —54—

231 206 262 243 7.
288 208 339 242 Ibi
360 209 406 241 nil
431 209 515 242 valet
540 209 657 242 veritas

338 255 434 288 Suum
458 257 507 288 ius
533 256 712 296 allegando,

291 303 354 335 Sed
380 304 505 335 aemula
530 303 709 335 clamositas

340 351 510 383 Praevalet
533 349 724 386 insultanda

291 398 359 430 Nec
382 407 511 438 praeses
540 398 596 429 dat
619 395 791 436 praesidia,

291 445 359 477 Nec
384 452 492 477 curam
517 444 597 485 gerit
624 443 710 474 curia

335 493 385 524 De
408 493 491 524 iusto
513 490 690 523 liberando.

257 596 264 604 .
290 569 463 608 Tamquam
489 567 552 599 vile
575 565 768 605 mancipium

337 616 424 647 Dant
447 615 480 645 in
504 614 650 646 Herodes
675 620 797 652 manus,

289 663 366 695 Mox
390 662 525 693 reducor
549 661 583 692 in
606 660 757 701 medium,

335 709 479 741 Deludor
501 710 537 739 ut
560 708 699 746 insanus,

287 757 429 788 Tandem
456 755 605 787 remissus
632 755 744 787 Pontio

288 804 387 836 Dirae
411 803 522 834 mortis
547 802 721 843 opprobrio

337 851 536 883 Condemnor
562 853 596 881 ut
619 848 784 890 profanus

923 201 961 236 9.'
973 202 1070 235 Ultra
1093 210 1200 234 muros
1225 197 1367 241 proicior

1016 249 1061 280 Et
1084 249 1153 288 ipse
1181 256 1307 280 crucem
1333 245 1413 287 fero,

968 297 1076 329 Matre
1101 295 1231 328 vidente
1256 295 1378 335 spolior

1017 343 1234 383 vestimentis,
1260 350 1341 382 quae
1366 350 1452 382 gero,

969 391 1112 424 Tandem
1139 391 1238 423 clavis
1263 388 1440 430 perfodior,

971 439 1006 471 In
1034 447 1127 470 cruce
1152 438 1209 470 sed
1237 438 1311 470 dum
1337 437 1467 479 morior,

1018 486 1068 518 De
1092 486 1159 519 vita
1185 495 1248 517 non
1276 485 1421 525 despero.

900 564 954 596 10.
968 563 1066 603 Ergo,
1092 562 1200 602 miser,
1227 570 1290 593 non
1315 560 1454 601 mireris,

1018 610 1112 642 Licet
1135 619 1199 642 non
1225 609 1388 641 obtinetur

972 658 1052 690 Tam
1066 658 1139 698 cito,
1153 657 1238 697 quod
1252 666 1270 688 a
1283 659 1377 696 patre
1388 656 1525 699 quaeris,

1018 705 1086 737 Nec
1111 707 1216 747 putes,
1243 704 1328 744 quod
1353 707 1497 747 negetur,

969 752 1033 785 Sed
1059 752 1187 792 placide
1213 755 1248 784 tu
1274 752 1419 792 patieris,

971 801 1049 834 Cum
1070 808 1129 839 per
1154 800 1293 832 adversa
1317 799 1522 839 promereris,

1017 847 1061 879 Et
1086 847 1190 887 gratia
1215 850 1375 887 sequetur.

294 944 364 972 Cod.
390 944 485 971 Palat.
509 944 658 971 Mati-item.
686 941 704 970 2
724 943 751 971 N
771 941 798 970 4.
824 951 899 970 saec.
927 940 1000 970 ¹³l14.
1029 941 1093 969 add.
1120 950 1196 969 saec.
1224 939 1298 969 ¹³l14.
1328 941 1362 968 A.
1388 956 1427 961 —-
1456 940 1525 968 Cod-

219 982 382 1010 Londinen.
403 982 474 1017 Reg.
496 981 513 1008 ’7
534 982 560 1008 Α
578 982 630 1009 VI.
651 989 726 1008 saec.
748 978 822 1009 14l15.
843 981 876 1008 B.
897 995 935 999 —
957 978 983 1013 2,
1000 978 1015 1007 1
1036 988 1091 1007 nec
1109 988 1240 1007 murmur
1259 979 1293 1006 B.
1309 994 1348 998 —
1368 976 1395 1012 2,
1410 977 1427 1006 5
1448 979 1526 1006 Dum

220 1020 319 1048 tardat
339 1020 516 1047 desiderium
528 1020 562 1047 B.
583 1033 620 1037 —
640 1016 667 1053 3,
690 1017 705 1046 1
727 1019 808 1046 levas
830 1018 930 1046 oculos
950 1019 983 1046 B.
1004 1032 1040 1037 —
1062 1016 1089 1051 3,
1108 1016 1124 1045 6
1146 1017 1251 1045 confici
1272 1018 1305 1045 Β.
1327 1032 1364 1036 -
1383 1014 1410 1051 3,
1425 1016 1442 1044 7
1463 1017 1527 1053 lege

219 1058 357 1094 parcendi
377 1058 410 1085 B.
431 1073 466 1078 —
488 1055 513 1092 5,
537 1055 552 1084 1
573 1057 638 1084 Illis
659 1057 768 1084 clamor
788 1057 821 1084 B.
843 1071 853 1075 —
900 1055 926 1092 5,
948 1055 965 1083 5
986 1058 1018 1083 in
1037 1058 1143 1092 pugnis
1164 1056 1198 1083 A.
1220 1070 1255 1074 —
1278 1053 1304 1091 6,
1325 1052 1343 1082 8
1363 1056 1527 1083 Revoca-tus

278 1112 288 1116 -
342 1093 372 1129 6,
394 1094 411 1122 5
438 1095 487 1122 hic
510 1095 686 1123 homicidam
712 1095 840 1122 liberant
864 1095 896 1122 B.
923 1110 961 1114 —
987 1094 1013 1128 7,
1034 1093 1052 1121 2
1080 1094 1149 1121 Sive
1174 1095 1220 1121 ius
1242 1094 1279 1120 A.
1306 1108 1343 1112 —
1372 1092 1398 1127 7,
1420 1091 1437 1120 5
1466 1093 1529 1121 Nec

221 1142 319 1169 preces
341 1133 412 1160 dani:
432 1134 466 1161 A.
486 1148 523 1152 —-
543 1130 569 1166 8,
586 1131 600 1160 1
623 1133 715 1167 Quasi
734 1133 793 1160 vile
813 1133 846 1160 B.
867 1147 905 1151 —
924 1130 950 1168 8,
967 1130 984 1159 6
1004 1133 1105 1159 mortis
1126 1132 1270 1168 supplicio
1285 1132 1319 1159 B.
1339 1146 1377 1150 —-
1398 1129 1423 1165 9,
1440 1129 1455 1159 1
1469 1131 1527 1158 Ex-

222 1174 268 1198 tra
287 1180 384 1198 muros
406 1172 438 1199 B.
464 1185 501 1189 —
528 1171 583 1198 Str.
607 1169 642 1198 10
662 1171 736 1198 fehlt
754 1171 786 1198 B.
806 1185 844 1189 —
864 1171 935 1197 Zum
957 1170 1185 1198 Verst'andnisse
1205 1170 1322 1198 schickt
1340 1170 1365 1197 A
1387 1169 1434 1197 die
1453 1170 1529 1197 Note

219 1218 339 1236 vcraus÷
371 1209 495 1243 Quidam
521 1209 643 1235 clericus
670 1218 701 1235 m
720 1210 814 1236 nimia
832 1209 954 1236 tristitia
975 1209 1109 1236 detentus
1130 1211 1160 1236 et
1179 1216 1359 1244 conquerens
1381 1207 1527 1241 crucifixo,

224 1247 300 1282 quod
321 1248 420 1274 omnia
440 1247 498 1297 si‘l‘Ji
518 1255 577 1274 non
599 1248 765 1274 evenissent
784 1246 820 1274 ad
840 1249 950 1280 votum,
972 1254 1047 1282 quac
1066 1248 1098 1273 in
1120 1247 1253 1274 oratione
1267 1246 1394 1282 petebat,
1413 1247 1456 1273 sic
1469 1246 1527 1273 sibi

219 1293 389 1321 responsum
410 1287 462 1312 est.

647 1432 696 1464 46.
725 1432 769 1463 De
788 1432 935 1464 Passione
956 1432 1080 1464 Christi.

235 1521 266 1554 1.
294 1520 428 1560 Christe,
455 1520 516 1563 via,
544 1529 624 1560 quae
647 1522 797 1560 perducis

294 1568 346 1599 Ad
372 1576 527 1608 supernae
552 1568 654 1599 lucem
678 1569 768 1609 lucis,

343 1615 445 1655 Purga
469 1615 543 1647 labe
566 1615 662 1655 labia,

292 1662 336 1694 Ut
360 1662 393 1693 in
419 1671 511 1694 cruce
534 1663 661 1695 laudem
688 1664 790 1695 crucis

294 1708 475 1741 Esaltando
502 1710 542 1742 de
566 1711 694 1742 caducis

344 1756 451 1787 Volem
477 1758 518 1789 ad
545 1758 703 1791 caelestia.

262 1859 269 1866 .
295 1831 374 1864 Post
397 1832 545 1873 Mariam,
570 1833 691 1873 virgam
717 1835 813 1874 Iesse,

296 1878 390 1911 Cuius
416 1877 532 1921 fructu,
559 1880 645 1912 cuius
670 1890 773 1913 messe

347 1926 468 1958 Cuncta
493 1927 604 1959 vivunt
627 1929 762 1972 saecula,

294 1973 506 2013 Designanter
531 1977 563 2006 et
587 1983 738 2015 expresse

297 2021 426 2062 Virgam
453 2022 556 2053 crucis
583 2022 638 2054 dat
661 2024 817 2063 prodesse

340 2068 435 2108 Legis
460 2072 589 2101 nostrae
613 2071 731 2110 regula.

261 2172 268 2179 .
294 2145 388 2177 Illam
412 2145 493 2177 caeli
517 2154 569 2177 ros
594 2146 721 2187 irrorat,

297 2194 395 2226 Istam
420 2193 523 2233 pingit
548 2196 581 2224 et.
606 2194 728 2226 colorat

339 2240 509 2281 Sanguinis
535 2240 653 2282 effusio,

292 2288 403 2320 Honor
430 2297 569 2320 summus
594 2289 676 2320 hanc
699 2290 842 2332 honorat,

296 2337 388 2369 lllam
412 2334 492 2368 flore
515 2345 578 2368 non
605 2335 736 2369 deflorat

345 2384 449 2417 Floris
474 2384 647 2426 generatio.

912 1524 944 1554 4.
971 1523 1060 1554 Nihil
1086 1523 1184 1556 habet,
1207 1524 1269 1556 hoc
1293 1524 1477 1564 secundum,

971 1569 1115 1603 Christus
1126 1572 1246 1611 vivens,
1255 1581 1369 1612 passus
1377 1582 1449 1603 mun
1454 1571 1526 1603 dum

1018 1618 1191 1651 Voluntate
1215 1620 1348 1660 propria

971 1666 1080 1697 Altum
1107 1669 1219 1699 tenens
1247 1670 1279 1699 et,
1302 1666 1508 1708 profundum,

973 1713 1023 1745 Ab
1039 1713 1203 1747 immundo
1217 1715 1352 1747 mundat
1364 1715 1526 1754 mundum,

1020 1762 1158 1802 Propter
1183 1763 1291 1795 hostes
1317 1763 1430 1795 hostia.

938 1862 945 1869 .
974 1837 1104 1869 Vermes
1131 1841 1217 1870 amat
1241 1839 1353 1870 hamus
1379 1839 1444 1882 ille,

972 1885 1035 1917 Per
1061 1894 1152 1925 quein
1179 1895 1311 1927 serpens
1327 1887 1361 1919 in
1377 1887 1527 1918 maxillae

1020 1932 1118 1964 Parte
1138 1934 1244 1965 laesus
1270 1934 1419 1973 vincitur,

974 1979 1057 2011 Suae
1081 1979 1205 2012 fraudis
1230 1984 1318 2014 artes
1343 1982 1442 2024 mille,

974 2026 1055 2058 Suus
1080 2028 1163 2068 ignis
1188 2029 1230 2061 ad
1255 2028 1387 2062 favillae

1019 2074 1133 2106 Finem
1158 2085 1222 2108 non
1246 2078 1446 2118 perducitur.

940 2177 948 2185 .
974 2151 1091 2183 Botrus
1117 2152 1216 2193 Cypri
1243 2158 1335 2187 vecte
1359 2159 1480 2195 vectus,

975 2198 1072 2231 Cuius
1098 2209 1223 2233 sacrum
1251 2203 1329 2234 colit
1353 2206 1465 2243 pectus

1021 2248 1215 2282 Immortalis
1242 2251 1357 2293 gratia,

974 2293 1139 2328 Gloriosus
1166 2300 1198 2328 et
1222 2297 1365 2330 abiectus

972 2343 1029 2375 Fit
1050 2347 1224 2386 protector,
1252 2355 1315 2378 non
1340 2352 1505 2388 protectus

1020 2391 1050 2422 A
1073 2393 1185 2424 mortis
1211 2394 1368 2434 angustia.
