1651 2606
163 212 196 243 2.
222 210 371 249 Verbum,
391 209 474 249 quod
492 211 540 240 est
553 217 625 240 caro
639 207 766 244 factum,

220 258 349 291 Sextum
366 258 500 289 lustrum
516 261 588 297 post
604 258 766 295 peractum

218 305 320 337 Tuum
342 305 381 336 ob
400 306 603 344 praeceptum
623 305 764 333 sanetum

268 352 359 386 Omni
383 354 475 392 parte
500 349 638 382 foederis

219 399 356 432 Dorsum
371 406 502 438 quoque,
517 397 625 439 pedes,
644 404 765 435 manus,

221 447 353 487 Sanguis
378 448 473 485 totus,
500 453 591 484 aqua,
616 442 719 483 flatus,

221 494 340 526 Cuncta
367 493 482 524 dantur
505 490 599 522 morti
621 490 767 530 planctus

267 542 402 580 Propter
426 541 556 570 mortem
584 537 730 569 hominis.

164 599 194 629 3.
222 597 325 637 Caput
348 596 445 627 altum
470 597 707 635 conquassatur,

221 644 326 684 Spinis
350 642 458 674 multis
481 640 672 681 perforatur,

222 690 338 731 Sputis,
363 690 477 729 palmis
504 689 725 728 exprobratur,

266 736 444 769 Membrum
468 740 555 768 tuum
580 739 739 776 protegas,

220 783 290 825 Eia,
319 784 433 816 dextra
457 792 567 816 manus
592 783 664 823 Dei,

217 830 386 863 Perforata
412 831 500 863 clavo
525 830 582 873 rei,

220 878 319 918 Iunge
344 882 447 910 tecum
472 880 560 909 actus
585 878 647 909 mei

264 925 382 965 Meque
406 934 500 957 manu
523 928 642 958 teneas

162 984 193 1014 4.
218 981 333 1014 Manus
358 982 450 1013 laeva
473 981 597 1021 lapsum
620 982 702 1020 leva,

220 1028 308 1060 Leva
331 1037 401 1060 mea
426 1027 510 1059 facta
535 1037 639 1070 saeva,

221 1075 427 1107 statuendum
453 1079 546 1114 parte
569 1075 662 1107 laeva

269 1121 458 1154 Transferas
483 1123 524 1154 ad
551 1123 731 1163 dexteram3

219 1170 243 1202 O
269 1178 325 1209 pes
353 1170 465 1202 dexter
489 1170 667 1210 salvatoris,

896 204 1001 238 Galles
1028 204 1153 235 calcans
1178 200 1358 243 peccatoris

896 252 968 284 Duc
993 259 1044 283 me
1068 251 1150 283 viam
1175 259 1236 290 per
1259 248 1378 281 amoris

945 299 997 331 Ad
1022 307 1162 330 amorem
1188 297 1330 338 spiritus.

840 360 869 390 5.
897 356 946 388 Tu
971 363 1027 395 pes
1052 355 1161 386 laevus
1188 354 1402 392 conclavatuS,

898 402 1084 436 Gradiendo
1110 400 1272 443 fatigatus,

898 451 1006 490 Potus,
1032 453 1156 490 unctus,
1177 449 1348 488 osculatus,

947 497 1082 530 Gressus
1107 505 1194 528 meos
1221 496 1342 535 dirige3

897 545 997 577 Latus
1022 547 1087 577 late
1111 546 1323 585 penetratum,

901 592 1113 626 Sacramentis
1139 600 1195 623 vas
1220 594 1380 631 paratum,

898 641 958 672 His
983 649 1034 671 me
1057 643 1145 671 tuum
1175 639 1394 679 consignatum

945 687 982 719 In
1007 691 1040 719 te
1065 686 1117 719 fac
1142 687 1315 727 quiescere.

841 747 872 779 6.
902 744 1022 784 Corpus
1047 747 1147 775 totum
1173 742 1379 783 flagellatum,

897 792 1033 824 Demum
1059 800 1153 823 cruce
1182 794 1430 822 consummatum

897 839 942 871 Et
966 839 1112 879 sepulcro
1140 838 1405 878 commendatum,

900 886 971 919 Cito
997 887 1054 918 sed
1078 885 1312 928 resuscitatum,

946 934 1002 965 Me
1026 942 1114 965 reum
1139 931 1297 974 iustifica;

898 980 992 1013 Meae
1014 989 1127 1020 preces
1149 989 1213 1012 non
1234 983 1310 1012 sunt
1329 980 1453 1022 dignae,

902 1027 966 1060 Sed
991 1030 1026 1059 tu
1050 1028 1151 1059 bonus
1177 1026 1230 1058 fac
1257 1028 1404 1067 benigne,

902 1075 952 1107 Tu
975 1075 1029 1115 qui
1052 1084 1166 1115 passus
1192 1084 1225 1106 es
1249 1075 1391 1115 indigne,

901 1122 952 1154 Ne
977 1125 1106 1154 aeterno
1133 1130 1255 1154 cremer
1279 1123 1363 1162 igne,

950 1170 1067 1201 Tecum
1094 1170 1154 1201 sim
1178 1170 1212 1201 in
1237 1169 1348 1210 gloria.

225 1234 303 1262 Orat.
328 1243 381 1262 ms.
407 1242 482 1261 saec.
511 1232 554 1261 15.
598 1233 666 1262 Cod.
687 1235 842 1262 Mantuan.
865 1235 892 1262 E
911 1231 937 1261 I.
958 1233 1004 1262 27.
1024 1249 1064 1253 —-
1082 1232 1109 1268 3,
1130 1234 1147 1261 7
1167 1234 1259 1262 nodus
1280 1234 1350 1262 oder
1370 1234 1460 1261 aedus

149 1271 202 1298 Hs.
222 1285 260 1290 —
277 1271 305 1307 4,
328 1270 345 1299 6
367 1271 459 1299 Cales.
480 1287 518 1291 —
538 1271 564 1305 5,
586 1270 601 1299 1
621 1273 668 1299 Tu
688 1281 719 1300 es
738 1273 832 1300 levus.

565 1372 611 1403 70.
646 1373 688 1403 De
707 1373 897 1404 Vulneribus
922 1373 1045 1405 Christi.

166 1443 195 1474 1.
222 1443 301 1483 Ave,
328 1441 449 1473 fructus
474 1451 492 1473 o
517 1442 641 1474 Mariae

217 1488 262 1520 Et,
284 1489 428 1521 caelestis
452 1498 507 1520 vas
532 1489 672 1529 sophiae,

218 1536 427 1569 Circumcisus
453 1536 505 1575 qui
530 1536 561 1567 in
590 1537 653 1576 die,

217 1582 284 1615 Fac
309 1592 365 1615 nos
389 1583 505 1623 salvos,
531 1583 604 1614 Iesu
628 1584 690 1623 pie.

164 1640 194 1671 2.
221 1641 301 1682 Ave,
329 1643 441 1671 cuncta
465 1640 518 1680 qui
545 1641 669 1681 creasti,

221 1687 302 1719 Dum
327 1687 360 1718 in
385 1690 491 1718 monte
516 1687 570 1727 qui
594 1687 727 1727 sudasti,

221 1733 351 1772 Quando
378 1736 501 1775 patrem
528 1735 675 1777 exorasti,

221 1779 288 1813 Nos
315 1781 440 1821 exaudi,
467 1790 543 1821 quos
569 1782 742 1821 plasmasti.

163 1837 194 1869 3.
221 1838 299 1880 Ave,
328 1840 423 1877 caput
447 1837 565 1869 Christi
590 1842 723 1881 gratum,

223 1884 320 1916 Duris
345 1885 445 1924 spinis
471 1890 663 1925 coronatum,

223 1932 290 1964 Nos
312 1941 473 1974 conserva,
499 1942 540 1964 ne
564 1936 730 1973 peccatum

221 1979 346 2011 Poenae
372 1979 467 2011 ducat
491 1980 532 2011 ad
557 1984 689 2013 reatum.

166 2036 198 2067 4.
225 2036 304 2074 Ave,
333 2036 446 2067 dextra
469 2045 579 2068 manus
606 2037 733 2078 Christi,

224 2082 393 2115 Perforata
416 2083 511 2123 plaga
535 2084 630 2125 tristi,

221 2129 288 2162 Nos
313 2130 355 2162 ad
381 2131 525 2162 dextram
548 2131 623 2163 iube
647 2132 727 2172 sisti,

226 2177 310 2217 Quos
334 2186 393 2218 per
419 2178 564 2210 dextram
587 2179 761 2214 redemisti.

165 2234 197 2265 5.
223 2235 304 2277 Ave,
331 2235 437 2275 palma
461 2235 535 2267 Iesu
559 2236 659 2277 laeva,

224 2282 278 2314 Sic
303 2281 426 2314 confixa
450 2283 545 2323 plaga
569 2292 676 2327 saeva,

220 2328 286 2361 Nos
313 2330 353 2362 ab
381 2339 457 2362 aevo
483 2331 565 2362 malo
590 2331 672 2374 leva,

224 2378 313 2417 Quod
338 2379 491 2419 produxit
515 2382 617 2411 mater
641 2380 722 2416 Eva,

855 1445 886 1476 6.
901 1444 982 1483 Ave,
1009 1444 1092 1476 latus
1115 1444 1304 1488 lanceatum,

902 1491 998 1524 Unde
1021 1489 1114 1523 fluxit
1138 1489 1255 1523 fiumen
1281 1495 1415 1535 gratum,

899 1538 1026 1569 Praebe
1047 1538 1137 1570 nobis
1165 1539 1376 1571 conducatum

900 1585 954 1617 Ad
979 1588 1128 1617 aeternae
1151 1586 1237 1618 vitae
1261 1590 1389 1620 statum.

855 1642 885 1676 7.
900 1643 980 1682 Ave,
1006 1643 1120 1675 vulnus
1147 1643 1253 1676 dextri
1279 1644 1382 1684 pedis,

902 1689 1022 1721 Aedem
1046 1691 1160 1722 mentis
1185 1691 1240 1731 pie
1264 1692 1378 1732 laedis,

899 1736 983 1768 Dum
1005 1737 1046 1769 ad
1073 1746 1139 1770 eam
1167 1747 1264 1779 saepe
1287 1740 1385 1783 redis,

899 1784 978 1816 Esto
1003 1785 1095 1817 nobis
1120 1794 1193 1825 spes
1219 1787 1388 1820 mercedis.

855 1842 886 1874 8.
900 1841 981 1881 Ave,
1007 1842 1103 1882 plaga
1126 1842 1238 1875 laevae
1262 1845 1402 1887 plantae,

902 1888 970 1927 Qua
986 1889 1138 1921 virtutum
1155 1895 1302 1923 crescunt
1315 1892 1455 1934 plantae,

901 1935 967 1967 Nos
993 1936 1033 1968 ab
1059 1937 1151 1969 hoste
1176 1939 1405 1979 supplantante

902 1982 1060 2015 Contuere
1084 1988 1157 2023 post
1182 1989 1214 2017 et
1238 1989 1322 2020 ante.

856 2040 886 2071 9.
902 2040 981 2083 Ave,
1008 2043 1076 2073 tota
1102 2041 1263 2075 denudata

903 2086 984 2119 Caro
1011 2087 1129 2120 Christi
1153 2087 1326 2131 flagellata,

903 2134 969 2166 Nos
995 2144 1159 2175 conserva,
1185 2146 1225 2169 ne
1250 2143 1384 2178 peccata

903 2182 979 2214 Vita
1002 2183 1131 2223 privent
1155 2194 1212 2217 nos
1237 2186 1342 2219 beata.

836 2238 889 2273 10.
907 2240 984 2282 Ave,
1010 2241 1093 2282 Iesu,
1121 2251 1216 2274 cruce
1239 2252 1380 2287 pressus,

906 2285 1083 2331 Fatigatus,
1110 2290 1224 2332 lassus,
1251 2290 1366 2332 fessus,

905 2336 955 2367 Tu
980 2345 1038 2375 pro
1064 2337 1156 2369 nobis
1182 2342 1256 2378 post
1281 2347 1428 2372 excessus

907 2382 998 2417 Laxa
1022 2384 1122 2417 malos
1149 2386 1255 2418 cordis
1281 2396 1418 2427 gressus,
