1651 2606
653 76 907 111 *md

818 174 850 206 8.
876 173 1000 211 Perque
1023 172 1146 210 septem
1169 167 1317 210 insignia,

878 220 1007 258 Septem
1030 217 1165 258 largitor
1189 215 1342 255 munium,

877 266 929 298 Da
953 265 1094 307 gaudere
1118 266 1151 297 in
1174 265 1291 307 patria,

874 314 928 346 Da
950 313 1177 354 sempiternum
1200 311 1362 353 gaudium.

143 179 174 212 7.
200 177 253 209 Ad
277 177 365 218 regni
391 176 470 209 caeli
495 175 608 208 solium

201 224 268 256 Nos
293 225 378 265 erige
403 223 578 265 clementia,

201 272 265 304 Ubi
290 272 442 304 sollemne
465 270 623 311 gaudium,

201 319 266 352 Ubi
288 328 365 351 vera
386 320 461 350 sunt
484 316 608 358 gaudia.

128 420 146 449 6
176 420 191 449 1
204 384 287 450 {Rern
314 385 495 428 eituricense
519 384 588 417 imp.
616 380 748 409 Venetiis
777 377 859 407 1481.
899 377 1065 415 (Appendix
1088 379 1157 414 post
1176 377 1368 412 sanctorale).
1396 390 1426 395 —

147 443 154 457 ‚
271 432 286 450 e
306 430 377 449 eius.

484 511 539 543 116.
572 511 612 542 Te
631 511 728 542 Deum
748 510 786 542 dc
808 509 929 550 Spiritu
949 508 1069 540 Sancto.

144 586 173 618 1.
200 585 246 616 Te
269 583 433 616 laudamus
459 583 669 623 orphanorum
844 582 874 613 ’7.
900 580 968 613 Fac
991 589 1049 614 nos
1073 579 1136 612 Dei
1159 579 1193 610 in
1217 578 1342 617 timore,

250 631 403 672 Spiritum
426 630 627 671 paraclitum,
950 629 1036 668 Quae
1060 631 1135 660 sunt
1158 630 1256 667 recta,
1283 634 1387 669 agere,

200 679 336 711 Pectora
358 678 574 718 apostolorum
901 677 1044 709 Proximi
1073 679 1104 707 et
1128 674 1185 708 sub
1210 682 1319 706 amore

249 726 307 765 Qui
334 726 443 758 ditasti
466 726 607 765 nimium,
949 724 1066 757 Pietati
1091 724 1208 756 vivere.

168 809 176 817 .
201 783 247 814 Te
271 784 399 815 iuvante
422 781 519 814 fidem
545 782 663 815 Christi

249 830 339 869 Quod
363 832 579 863 monstrarunt
602 831 738 862 saeculis

199 878 244 910 Et
267 877 419 920 fecerunt,
447 887 528 918 quae
551 878 680 921 iussisti,

249 926 343 958 Nunc
365 929 399 957 te
421 926 556 957 laudant
580 925 722 958 caut-icis.

168 1008 175 1016 .
202 982 358 1014 Numerus
384 985 417 1014 te
440 983 666 1023 prophetarum

868 807 876 815 .
901 781 969 814 Fac
994 781 1159 814 scientiam
1184 780 1284 819 sitire,

951 830 1057 870 Opera
1079 828 1231 867 iustitiae,

901 877 1146 917 Fortitudinem,
1174 875 1281 907 subire

948 925 1062 966 Iugum
1082 924 1267 965 patientiae.

899 981 966 1014 Fae
995 983 1128 1016 consilio
1152 987 1298 1023 pensare,

947 1031 1059 1063 Vitare
1083 1029 1247 1069 malitiam,

902 1078 1103 1111 Intellectum
1127 1079 1296 1118 penetrare

947 1126 1002 1157 Ad
1027 1125 1088 1158 Dei
1110 1125 1266 1158 notitiam.

901 1181 1071 1222 Sapienter
1095 1183 1273 1223 gubernare

946 1230 1015 1262 Fac
1039 1239 1096 1262 nos
1122 1232 1232 1263 nostra
1255 1237 1362 1270 opera,

900 1276 946 1310 Ut
970 1277 1128 1318 possimus
1154 1278 1327 1318 impetrare

947 1326 1076 1358 Partem
1099 1334 1194 1366 super
1219 1326 1358 1357 aethera.

899 1381 1005 1415 Unum
1030 1386 1135 1415 tecum
1158 1385 1261 1425 pater,
1287 1385 1381 1414 natus

946 1431 986 1463 1n
1011 1430 1229 1463 misericordia

901 1477 1036 1510 Nostros
1063 1479 1168 1511 deleat
1192 1482 1310 1519 reatuS,

946 1525 992 1558 Ut
1016 1526 1135 1566 absque
1160 1526 1312 1558 vecordia

899 1582 1002 1615 Deum
1027 1592 1153 1623 semper
1179 1583 1347 1624 diligamus

948 1630 1094 1663 Perfecte
1123 1635 1155 1663 et
1178 1632 1360 1672 proximos;

200 1674 287 1706 Dare
313 1675 427 1706 donum
452 1678 484 1706 te
508 1684 632 1707 oramus
900 1679 938 1710 In
962 1681 1004 1720 te,
1034 1678 1180 1718 Domine,
1207 1688 1382 1720 speramus,

249 1721 455 1762 Septenorum
479 1731 652 1758 munerum.
949 1725 1044 1759 Salva
1068 1732 1139 1759 tuos
1164 1726 1311 1761 famulos.

204 1787 324 1815 Collect.
356 1796 409 1815 ms.
433 1788 643 1824 Hospitalense
671 1796 747 1817 saec.
777 1787 822 1817 15.
868 1790 938 1818 God.
965 1791 1061 1819 Palat.
1087 1792 1255 1821 Vindobon.
1280 1791 1366 1821 4347.
1396 1810 1399 1813 -

130 1824 155 1860 1,
172 1825 185 1854 1
199 1826 242 1853 Te
257 1826 352 1853 Deum
373 1825 524 1854 laudamus
542 1827 745 1863 orphanorum.
758 1842 796 1847 —-
812 1825 855 1862 10,
872 1827 887 1856 1
902 1838 945 1864 sq.
959 1829 1006 1857 fac
1018 1838 1072 1857 nos
1087 1832 1252 1867 gubernare
1264 1834 1375 1860 nostra.

246 1030 374 1062 Laudat
398 1038 494 1070 super
518 1030 658 1071 aethera,

201 1077 284 1117 Quos
310 1076 415 1109 fecisti
438 1076 609 1117 figurarum

246 1125 396 1157 Intonare
417 1127 535 1160 vetera.

143 1184 175 1216 4,
199 1181 423 1222 Martyresque
446 1183 479 1212 te
501 1181 635 1213 laudare
819 1181 875 1216 10.

249 1229 320 1261 Non
347 1232 472 1261 cessant
497 1238 565 1261 cum
591 1229 716 1269 gaudio,

203 1277 285 1316 Quos
312 1277 429 1309 curasti
452 1276 632 1309 confortare

246 1325 283 1356 In
308 1324 393 1355 omni
416 1324 581 1365 supplicio.

143 1383 173 1414 5.
201 1381 246 1412 Te
270 1381 404 1413 ecclesia
427 1379 532 1412 fidelis
818 1382 872 1414 11.

249 1428 417 1461 Collaudat
439 1428 622 1469 hymnidice

202 1476 280 1507 Tam
302 1475 335 1507 in
360 1478 446 1507 terra
470 1484 563 1515 quam
583 1476 617 1507 in
643 1476 748 1519 caelis,

250 1523 308 1556 Cui
328 1522 399 1555 fons
425 1531 458 1554 es
482 1523 613 1563 gratiae.

145 1582 175 1614 6.
202 1579 330 1620 Nosque
357 1580 411 1621 pie
434 1582 467 1611 te
490 1580 656 1612 laudamus
820 1582 873 1615 12.

248 1628 350 1660 Iubilo
381 1636 448 1659 cum
475 1627 634 1668 mentium,
