1651 2606
182 209 236 241 73.

183 513 236 544 74.

181 815 233 846 75.

185 1117 237 1149 76.

183 1419 237 1451 77.

185 1716 240 1748 78.

183 2013 236 2045 79.

168 2391 213 2427 27,
234 2390 251 2419 5
271 2391 312 2420 Et
331 2392 416 2429 quod.
437 2408 475 2412 —
495 2392 539 2428 64,
560 2391 578 2422 3
599 2398 803 2431 evaporarunt.

701 106 933 142 ..32-

262 208 445 241 Monstrans
472 208 517 240 eis
541 207 737 240 intellectum

309 256 491 297 Mysticum‚
518 256 571 296 qui
593 254 688 287 latuit

264 305 302 337 1n
319 304 486 345 scripturis
505 306 545 343 et,
568 302 652 343 quod
668 302 787 333 tectum

310 351 401 383 Prius
428 354 484 394 est,
510 349 667 392 apperuit,

264 398 414 431 Caritatis
440 401 471 429 et
495 397 640 429 affectum

309 445 442 477 Dulcem
467 445 531 476 illis
556 443 679 476 tribuit.

263 511 307 542 Et
331 520 400 543 cum
426 511 470 541 eis
495 508 709 550 manducavit,

309 558 358 589 Ne
379 560 528 589 nutarent
547 556 691 597 amplius,

263 604 383 637 Clausis
409 605 488 636 seris
515 607 544 635 et
569 604 702 635 intravit

308 653 396 684 Inter
421 660 474 683 eos
500 651 622 683 medius

261 698 363 738 Stans,
391 708 409 730 a
434 699 546 739 quibus
573 697 749 730 declaravit

307 747 469 778 Momento
495 746 645 780 velociuS.

261 812 314 844 Ad
339 813 450 856 pedes,
476 821 650 852 manusque
673 812 758 844 latus

307 860 443 892 Thomas
468 861 573 892 adhuc
598 860 711 892 dubius

260 908 459 947 Palpandum
486 910 535 939 est
557 908 710 939 invitatus

308 954 351 986 Et
375 953 493 987 fatetur
518 955 614 994 ocius,

261 1002 351 1041 Quod
377 1005 425 1033 est
448 1003 541 1034 homo
566 1010 642 1034 vere
666 1004 758 1033 natus

307 1049 351 1081 Et
374 1049 459 1081 Deus
485 1049 627 1081 eximius

265 1116 317 1147 Ad
342 1118 479 1147 montem
506 1118 537 1147 et
563 1114 706 1147 evocavit

310 1162 443 1195 Demum
471 1171 578 1195 omnes
603 1162 733 1203 pariter,

264 1210 347 1249 Quos
370 1210 403 1241 in
428 1209 492 1242 fide
517 1208 726 1250 confirmavit,

309 1257 353 1289 Ut
379 1260 453 1289 eant
478 1257 625 1289 celeriter

261 1304 430 1345 Mandans,
437 1305 481 1348 id,
490 1305 572 1345 quod
579 1303 789 1345 praedicavit,

308 1351 430 1383 Mundo
455 1354 587 1384 narrent
610 1351 729 1385 taliter.

264 1417 479 1457 Quadraginta
502 1417 566 1449 iam
592 1416 710 1449 exactis

309 1464 429 1497 Diebus
455 1465 496 1496 ad
521 1465 650 1497 aethera

265 1511 412 1543 Tendens
436 1512 549 1551 implet
573 1511 743 1544 cataractis

310 1558 491 1591 Gratiarum
519 1559 639 1591 viscera

265 1605 409 1646 Suorum,
433 1606 578 1646 linquens
601 1606 636 1638 in
661 1605 763 1645 pactis

311 1653 441 1685 Potiora
464 1662 604 1687 munera.

265 1714 357 1746 Prius
383 1718 488 1747 tamen
511 1715 716 1747 manducavit

313 1762 389 1794 Cum
416 1762 460 1793 eis
486 1765 518 1793 et
538 1763 661 1802 tingere

264 1808 418 1848 Lymphis
444 1818 550 1841 omnes
577 1810 749 1842 destinavit

311 1855 468 1895 Baptismi
493 1859 525 1888 et
548 1857 669 1897 pellere

264 1903 453 1943 Daemones,
478 1907 524 1944 ut,
551 1904 635 1944 quod
654 1905 790 1943 paravit,

311 1950 453 1990 Regnum
479 1954 609 1990 possent
634 1960 758 1991 capere.

263 2010 365 2051 Super
390 2020 496 2043 omnes
521 2015 597 2044 tunc
621 2014 767 2046 ascendit

312 2057 423 2090 Caelos
448 2063 480 2090 et
504 2060 546 2091 ad
573 2061 735 2093 dextoram

264 2105 370 2138 Patris
405 2114 474 2138 eum
499 2108 606 2146 palma
629 2109 793 2148 pertendit

311 2153 529 2193 Relinquendo
555 2155 687 2188 liberam

264 2202 419 2242 Sponsam
428 2210 527 2244 suam,
542 2212 635 2242 quam
646 2203 792 2236 defendit

311 2248 510 2282 Conterendo
536 2250 687 2290 viperam.

856 204 911 237 80.
937 201 1112 234 Iubilantes
1141 200 1326 242 angelorum

859 508 912 541 81.

859 814 914 845 82.

860 1118 914 1150 83.

861 1422 916 1454 84.

861 1721 917 1753 85.

861 2019 916 2050 86.

986 249 1103 282 Coetus
1127 258 1236 281 omnes
1260 248 1393 281 obviant

939 298 977 330 In
1001 298 1081 338 lyris
1107 299 1139 329 et
1164 297 1359 329 canticorum

989 345 1077 385 Odis,
1104 348 1140 376 ut
1164 344 1321 384 recipiant

939 392 1057 433 Regem
1085 401 1155 424 curn
1180 395 1285 423 turma
1308 394 1472 432 captorum

986 440 1032 472 Et
1056 442 1217 472 consortes
1239 438 1369 471 faciant.

939 508 977 540 In
1003 506 1110 547 effigie
1134 507 1275 538 virorum

988 555 1038 587 Ex
1064 554 1113 586 his
1140 555 1201 586 duo
1224 552 1378 585 fratribus

940 602 1069 643 Dicunt,
1096 601 1180 642 quod
1199 602 1298 644 Iesus,
1326 600 1472 640 polorum

987 650 1067 690 Rex,
1094 649 1241 681 ostendet
1265 647 1410 680 omnibus

942 696 984 729 Se
1006 697 1041 729 in
1066 696 1129 728 fine
1154 696 1352 728 saeculorum

990 744 1078 777 Sicut
1102 746 1177 777 tunc
1199 744 1232 775 in
1254 742 1402 775 nubibus.

944 811 1020 844 Cum
1045 811 1079 843 in
1103 820 1199 843 unum
1224 810 1458 851 praestolantes

989 858 1150 891 Promissa
1174 857 1325 889 caelestia

943 906 1171 939 Convenissent
1195 907 1227 936 et
1248 907 1374 936 orantes

989 954 1109 986 Essent
1132 953 1211 985 hora
1235 952 1341 991 tertia,

944 1001 1039 1033 Venit
1056 999 1151 1032 flatus
1175 1008 1272 1040 super
1296 1001 1417 1030 stantes

990 1048 1168 1081 Vehemens
1193 1057 1211 1079 a
1237 1047 1349 1087 gloria.

942 1115 1039 1148 Unde
1063 1115 1192 1155 plenum
1221 1114 1349 1147 deitatis

988 1162 1044 1194 Fit
1067 1163 1172 1204 ipsum
1199 1161 1392 1200 cenaculum,

941 1210 977 1242 In
1005 1219 1065 1250 quo
1091 1210 1214 1248 sedent,
1243 1208 1386 1241 caritatis

989 1257 1077 1289 Dans
1104 1258 1148 1288 eis
1174 1257 1359 1297 igniculum,

940 1305 985 1337 Et
1008 1305 1180 1344 loquuntur
1204 1304 1321 1345 linguis
1348 1303 1431 1336 datis

989 1351 1133 1384 Diversis
1158 1352 1200 1384 ad
1224 1352 1388 1392 populum.

942 1418 1051 1450 Turba
1077 1427 1268 1450 concurrens
1293 1421 1425 1458 stupore

990 1466 1091 1498 Plena
1114 1466 1172 1497 hos
1197 1466 1384 1507 pronuntiat

942 1514 994 1546 Ita
1017 1512 1113 1545 musti
1138 1521 1177 1544 ex
1203 1512 1330 1545 fervore

988 1560 1115 1600 Eloqui,
1142 1569 1212 1592 cum
1238 1561 1369 1602 neseiat,

942 1608 1058 1640 Vinum
1083 1616 1164 1651 esse,
1189 1608 1275 1648 quod
1299 1605 1364 1652 [ex]
1389 1618 1463 1641 rore

991 1655 1081 1688 Sacri
1105 1654 1199 1687 flatus
1225 1656 1339 1688 veniat.

944 1718 1004 1751 Illo
1029 1727 1116 1750 mero
1141 1718 1205 1750 iam
1231 1718 1396 1749 madentes

990 1764 1117 1798 Inferre
1143 1766 1330 1806 mysterium

943 1813 1111 1845 Trinitatis
1135 1813 1220 1845 inter
1245 1816 1354 1853 gentes

991 1861 1120 1901 Parant,
1145 1861 1374 1900 improperium

942 1907 1016 1939 Iesu
1041 1910 1072 1939 et
1099 1908 1212 1948 dogma
1239 1908 1389 1940 docentes

990 1954 1033 1986 Et
1057 1955 1154 1987 latum
1181 1956 1362 1995 imperium.

943 2016 1031 2048 Tuae
1051 2025 1162 2049 sacrae
1187 2017 1346 2057 passionis

989 2063 1034 2095 Et
1058 2064 1143 2096 vitae
1168 2065 1353 2097 memoriam

942 2108 1011 2143 Fac
1034 2111 1155 2144 habere
1180 2122 1238 2145 nos
1262 2122 1333 2145 cum
1360 2114 1451 2147 donis

991 2159 1068 2191 Tuis
1093 2169 1177 2192 nunc
1202 2169 1261 2201 per
1286 2161 1421 2201 gratiam

942 2206 993 2238 Ac
1015 2215 1174 2247 supernae
1200 2209 1346 2240 stationis

991 2254 1136 2295 Regnum
1161 2259 1235 2296 post
1260 2259 1292 2287 et
1315 2257 1460 2296 gloriam.

246 2313 315 2344 Coa.
333 2314 433 2343 Silvae
461 2315 491 2344 S.
509 2316 633 2344 Martini
658 2327 749 2354 prope
768 2320 1016 2349 Geraldimontem
1042 2329 1118 2350 saec.
1148 2320 1191 2350 15.
1232 2322 1302 2350 Coti.
1329 2321 1404 2351 7961
1431 2324 1482 2353 der

169 2355 199 2381 k.
225 2353 285 2381 und
312 2354 341 2381 k.
361 2354 929 2387 Familien-Fidei-Kommissbibliothek
951 2360 982 2386 in
1006 2360 1102 2387 Wien.
1126 2375 1165 2379 ——
1192 2358 1236 2394 13,
1257 2359 1274 2389 6
1294 2362 1422 2398 probari.
1444 2379 1481 2383 —
