1651 2606
722 103 862 137 -34
912 120 955 126 --

255 197 370 238 Incipit
389 197 508 229 iubilns
529 197 663 229 alaudae
682 195 836 236 mysticae
854 195 889 227 in
909 193 1028 235 septem
1050 191 1246 225 ascensiones
1268 189 1437 222 distinctus

502 253 568 276 cum
588 243 695 286 pausis
716 242 847 275 totidem
867 240 1190 281 correspondentibus.

488 325 514 358 Ι.

203 402 232 434 1.
259 401 377 441 Regem
404 401 561 434 Christum
586 400 692 443 hodie,

305 448 447 488 Fratres,
473 448 671 490 honoremus,

259 496 387 529 Laudes
412 503 488 527 suae
514 495 618 527 curiae

304 543 358 576 Ad
382 545 518 574 mentem
543 549 737 573 revocemus.

255 590 307 623 Ibi
331 591 418 621 mille
441 589 530 621 milia

306 637 443 669 Cantant
464 644 533 667 cum
556 635 674 673 Maria,

258 683 377 715 Dicunt
402 692 470 714 cum
493 682 627 723 laetitia,

307 730 385 763 Cum
411 729 498 762 dulci
521 729 727 770 symphonia:

204 808 236 838 2.
262 806 355 838 Nunc
380 808 540 838 cantemus
565 805 700 837 Domino

306 853 445 885 Multum
469 853 615 892 gloriose,

261 901 341 932 Toto
367 901 473 932 cordis
498 909 615 940 organo

310 947 446 980 Multum
473 946 651 990 affectuose,

261 995 360 1027 Omne
384 995 468 1034 quod
491 995 654 1027 iuraverat

307 1041 456 1074 Patribus
483 1042 639 1080 daturum,

260 1089 350 1121 Nihil
374 1089 558 1122 irritaverat

310 1136 380 1168 Hoc
406 1137 537 1169 denotat
559 1135 710 1171 futurum,

393 1223 413 1243 »κ
583 1223 603 1244 >z

489 1248 509 1270 >ze

204 1319 233 1350 3.
258 1315 362 1357 Nunc,
387 1316 502 1348 alauda
525 1316 652 1356 nobilis,

309 1363 471 1396 Modicum
497 1365 651 1404 quiescaS,

264 1410 315 1442 Ne
339 1410 473 1450 fatigata
497 1411 611 1443 debilis

309 1457 433 1490 Effecta
456 1458 672 1496 contabescas,

264 1505 328 1537 Sed
353 1514 477 1537 resume
503 1506 594 1537 citius

307 1551 446 1592 Laudes,
472 1561 514 1584 ne
534 1556 690 1596 tepescas,

263 1600 404 1640 Semper,
434 1608 560 1640 semper
586 1600 708 1632 dulcius

313 1646 351 1679 In
377 1650 471 1679 cantu
496 1648 708 1680 convalescas.

481 1751 524 1784 11.

232 1853 239 1860 .
267 1825 346 1858 Cum
369 1826 480 1866 regina
503 1828 631 1867 sapiens

310 1873 400 1905 Vidit
423 1873 632 1913 Salomonem,

263 1920 364 1952 Sensu
387 1919 425 1952 fit
451 1920 610 1962 ‹lcficieuS,

307 1967 402 1999 Hunc
424 1969 559 2007 protulit
580 1977 766 2009 sermonem,

263 2014 387 2047 Clamat
410 2013 526 2047 famam
551 2016 679 2048 vincere

310 2061 419 2094 Visam
442 2064 610 2095 veritatem

260 2109 305 2141 Et
330 2108 455 2141 beatam
483 2110 589 2142 dicere

312 2155 407 2189 Suam
436 2157 630 2190 societatem.

228 2259 236 2267 .
261 2233 309 2266 Ut
334 2242 445 2265 cervus
471 2233 633 2266 desiderat

307 2281 362 2313 Ad
387 2279 506 2313 fontem
531 2291 692 2325 aquarum,

262 2328 315 2360 Sic
345 2337 399 2361 cor
420 2337 522 2360 meum
548 2333 703 2369 properat

308 2377 361 2409 Ad
380 2376 537 2409 Christum
563 2385 670 2417 regem
695 2386 814 2419 carum,

940 321 1119 353 Gloriosam
1144 318 1313 359 praedicat

987 368 1136 401 Sanctam
1159 367 1331 403 civitatem,

938 416 1044 448 David
1072 424 1142 446 cum
1166 412 1320 446 laetificat

987 463 1102 496 Totam
1127 462 1322 494 societatem.

1075 551 1095 572 21<
1268 546 1287 568 ῆι

1172 576 1192 598 ss

883 646 914 678 3.
941 643 1064 687 Lauda,
1090 643 1189 675 lauda
1211 641 1384 674 Dominum

987 691 1121 731 Semper
1143 693 1187 731 tu,
1213 689 1341 728 alauda,

940 738 1072 770 Nullum
1097 737 1289 769 sacrificium

988 785 1049 818 Est
1073 788 1198 825 gratum
1222 785 1291 816 sine
1316 784 1428 822 cauda,

943 832 1076 873 Semper
1100 841 1225 864 sursum
1251 835 1361 863 teneas

988 880 1062 923 Cor,
1088 879 1205 912 alauda
1229 880 1293 920 pia,

943 928 1069 961 Christo
1093 927 1206 959 laudes
1232 927 1346 959 offeras

991 974 1068 1007 Cum
1096 974 1183 1007 dulci
1207 974 1355 1007 melodia.

1154 1070 1217 1102 111.

889 1138 920 1170 1.
948 1136 1070 1170 Civitas
1097 1136 1289 1178 gratissima,

992 1184 1124 1224 Quando
1149 1186 1183 1216 te
1201 1184 1328 1226 videbo,

944 1232 1007 1265 Gur
1032 1231 1256 1264 infelicissima

991 1279 1128 1312 Tamdiu
1152 1281 1185 1311 te
1211 1279 1352 1311 carebo?

942 1326 1025 1367 Heu,
1052 1327 1137 1367 quod
1161 1328 1371 1367 prolongatus
1398 1330 1447 1359 est

989 1374 1079 1407 Talis
1101 1375 1280 1406 incolatus!

943 1421 1030 1462 Ergo
1055 1424 1210 1454 maestum
1235 1421 1356 1454 factum
1383 1426 1429 1454 est

993 1468 1066 1510 Cor,
1093 1479 1162 1501 sum
1187 1470 1393 1503 attaediatus.

888 1537 917 1568 2.
944 1535 995 1568 Ibi
1021 1546 1092 1568 cum
1117 1536 1284 1575 spiritibus

995 1584 1205 1624 Congaudent
1227 1593 1335 1616 omnes
1362 1584 1475 1626 sancti,

946 1630 1044 1663 Senes
1070 1640 1140 1663 cum
1165 1631 1343 1664 iunioribus

996 1679 1100 1712 Corde
1127 1679 1334 1720 desideranti,

944 1725 995 1758 Ibi
1019 1725 1053 1758 in
1079 1726 1237 1759 cubilibus

994 1773 1065 1807 Suis
1089 1775 1306 1814 laetabuntur,

945 1821 1068 1853 lubilus
1093 1822 1127 1853 in
1152 1820 1309 1861 faucibus,

993 1868 1053 1901 His
1078 1878 1207 1909 semper
1231 1869 1460 1910 implebuntur.

1083 1956 1103 1976 ss
1277 1957 1298 1978 >k

1181 1983 1201 2004 >k

889 2050 920 2082 3.
947 2048 1050 2092 Nunc,
1079 2048 1207 2093 alauda,
1233 2051 1335 2084 iubila.

994 2095 1091 2128 Dulci
1114 2097 1263 2140 melodia,

948 2143 1051 2176 Canta
1072 2146 1127 2176 tuo
1152 2146 1281 2179 modulo

992 2191 1104 2224 Laus
1131 2191 1308 2226 Christe
1340 2204 1419 2227 voce
1444 2195 1507 2238 pia,

941 2238 1056 2272 Lauda
1080 2239 1170 2281 pium
1194 2241 1368 2275 Dominum

989 2286 1110 2328 Regem
1131 2289 1341 2332 saeculorum,

944 2333 1144 2367 Salvatorem
1168 2336 1332 2369 hominum

995 2382 1075 2415 Cum
1098 2383 1202 2417 choris
1227 2386 1425 2426 angelorum.
