1651 2606
649 102 889 139 „49ss

132 199 164 231 5.
190 197 233 230 Et
260 196 398 231 concede
423 195 516 230 finem
543 198 670 239 bonum,
816 202 845 234 7.
872 200 975 232 Extra
1000 208 1115 240 corpus
1141 201 1172 231 et
1195 201 1229 232 in
1258 200 1355 231 corde

187 246 280 285 Quod
304 248 355 277 est
379 253 476 285 super
500 254 593 278 omne
614 247 744 290 donum,
872 250 902 280 A
925 248 1068 288 peccatis
1093 250 1126 279 et
1149 257 1168 279 a
1192 248 1298 288 sorde,

188 293 234 326 Ut
257 293 292 325 in
318 293 415 325 corde
439 293 487 324 sic
512 302 716 336 compungar,
871 296 960 327 Mors
979 294 1007 327 si
1025 303 1151 327 carnem
1168 303 1268 326 meam
1286 293 1422 335 frangat,

189 339 274 380 Tibi,
301 339 439 381 Christe,
458 341 542 380 quod
559 342 740 382 coniungar.
873 342 961 375 Mors
986 342 1128 375 secunda
1150 351 1214 374 non
1238 350 1288 374 me
1305 344 1424 381 tangat.

131 400 164 431 6.
189 397 257 429 Fac
280 405 332 429 me
355 397 450 437 digne
474 398 667 430 manducare
815 401 846 434 8.
872 399 965 431 Licet
990 408 1063 432 caro
1086 399 1305 439 imputrescat,

189 444 313 484 Corpus
336 447 423 476 tuum
449 445 600 485 salutare,
873 446 1012 486 Spiritus
1036 449 1139 478 tecum
1163 445 1316 487 quiescat,

187 493 242 525 Ira
268 494 323 525 tua
347 500 388 524 ne
412 500 464 524 me
486 495 608 533 gravet,
875 494 920 526 Ut
943 494 1019 526 duni
1042 494 1140 525 instet
1164 493 1242 525 hora
1267 493 1388 531 mortis,

187 539 323 580 Sanguis
349 542 422 571 tuus
447 540 494 571 sic
515 548 567 571 me
589 540 679 573 lavet
872 541 1013 581 Angelus
1039 542 1081 573 tis
1106 541 1186 573 assit
1209 539 1312 581 fortis,

469 598 501 632 9.
528 597 558 629 A
583 598 616 628 te
641 597 735 630 datus
759 597 838 629 mibi
864 601 981 638 custos,

530 644 591 684 Qui
615 653 667 676 me
690 645 776 677 locet
798 645 883 678 inter
905 646 1017 687 iustos,

530 692 574 725 Ut
598 701 762 733 resurgam
788 695 819 724 te
844 693 980 733 visurus,

526 740 647 772 Tecum
670 749 798 780 semper
822 749 1060 780 permansurae.

187 815 268 843 Orat.
301 824 358 843 ms.
388 824 464 843 saec.
493 814 537 843 151.
577 815 649 843 Cod.
675 815 870 844 Cremifanen,
896 813 962 844 394.
989 829 1028 834 ——
1048 814 1073 849 1,
1100 813 1120 842 4
1143 815 1265 851 potavit.
1290 827 1328 832 —
1353 810 1379 845 8,
1407 811 1426 839 2

112 854 344 920 {effitiescatd-
365 851 397 887 8,
425 852 445 882 4
464 854 594 890 Angelus
620 857 687 882 tuus
709 855 791 881 assit.
812 868 848 872 -—-
869 852 952 882 Nach
973 852 998 887 9,
1019 852 1038 880 4
1058 853 1133 880 noch
1154 861 1206 888 per
1225 852 1341 879 infinita
1361 858 1417 878 sae*

200 900 288 920 saecu
303 900 395 919 orum.

547 1012 594 1043 38.
628 1011 676 1043 Ad
696 1011 855 1043 christum
875 1009 994 1042 Oratio.

130 1082 161 1117 1.
186 1083 270 1127 Tibi,
294 1082 379 1124 Iesu,
407 1083 546 1115 creatori
812 1083 846 1114 4.
873 1080 954 1120 Heu,
981 1080 1057 1121 quid
1083 1088 1186 1120 agam,
1211 1079 1271 1111 toti
1295 1078 1412 1111 mundo

233 1131 339 1164 Detur
362 1131 554 1172 benedictio,
920 1128 1084 1160 Vilescens
1110 1126 1271 1166 obsordui,

187 1179 271 1219 Tibi,
298 1179 383 1221 1esu,
410 1177 609 1218 redemptori
875 1176 975 1209 Coetu
997 1176 1079 1207 caeli
1102 1174 1297 1207 laetabundo

235 1226 348 1259 Honor
373 1229 406 1259 et
428 1226 572 1260 laudatio
920 1223 994 1257 Non
1019 1231 1088 1254 sum
1115 1222 1227 1263 dignus
1252 1219 1387 1262 perfrui,

873 1271 981 1303 Solum
1007 1269 1113 1310 Stygis
1138 1270 1171 1301 in
1196 1269 1357 1309 profundo

921 1318 1122 1350 Mansionem
1146 1316 1257 1350 merui.

189 1300 675 1309 vvvvvvvvv

249 1345 675 1357 --------

129 1380 161 1412 2.
186 1379 273 1419 Tibi,
298 1380 382 1420 Iesu,
410 1377 554 1411 confiteri
819 1377 850 1410 5.
876 1376 1009 1408 Omnem
1033 1374 1186 1406 mnndum
1209 1371 1368 1405 maculavi

237 1426 360 1459 Bonum
388 1429 437 1458 est
462 1428 494 1457 et
518 1424 667 1467 psallere,
923 1424 986 1456 Per
1011 1430 1112 1454 meam
1138 1421 1315 1462 libidinem,

189 1474 307 1507 Modus
335 1475 424 1506 cuius
451 1476 501 1505 est
523 1473 657 1513 mederi,
874 1470 963 1503 Mala
987 1472 1076 1502 tanta
1100 1469 1295 1511 perpetravi,

235 1522 322 1555 Usus
349 1524 399 1554 est
422 1522 597 1564 ignoscere,
925 1518 1017 1558 Quod
1045 1517 1084 1549 ob
1109 1516 1346 1549 multitudinem

188 1570 242 1603 Ius
268 1572 404 1603 naturae
428 1569 585 1610 misereri,
880 1591 1366 1600 .........

236 1618 281 1651 Et
306 1618 454 1651 voluntas
479 1625 623 1657 parcere.
943 1639 1366 1648 ........

131 1678 163 1710 3.
191 1675 264 1708 Non
291 1677 341 1708 est
360 1684 439 1708 onus
465 1675 511 1708 ita
536 1682 643 1715 grave,
821 1672 853 1704 6.
880 1672 963 1711 Iesu,
990 1672 1079 1702 motu
1102 1668 1281 1702 medicinae

237 1723 285 1757 Ut
307 1723 435 1765 peccati
459 1722 597 1762 sarcina,
924 1718 1081 1751 Miserum
1104 1726 1155 1749 me
1179 1716 1285 1758 visita,

187 1772 312 1811 Corpus
339 1772 422 1803 enim
447 1770 566 1811 premit
590 1777 701 1812 prave,
877 1767 921 1800 Et
947 1776 967 1799 a
988 1766 1092 1799 vinclo
1117 1766 1230 1798 mortis
1256 1765 1360 1796 trinae

241 1819 358 1854 Coi-dis
386 1827 520 1851 caecans
545 1818 676 1859 lumina,
927 1815 1115 1847 Foetentem
1140 1821 1191 1845 me
1215 1813 1345 1852 suscita,

189 1868 332 1900 Mentem
362 1868 482 1900 ducens
505 1867 541 1899 in
567 1874 626 1899 vae
651 1874 671 1897 a
691 1874 751 1898 vae
880 1863 930 1896 Ac
955 1863 997 1895 da
1018 1862 1118 1895 vitam
1142 1862 1212 1893 sine
1234 1859 1299 1893 fine

238 1915 283 1949 Et
308 1915 443 1949 offendit
466 1914 608 1949 numina.
928 1910 1054 1944 Pietate
1079 1909 1184 1943 solit-a.

534 1975 565 2007 7.
592 1971 676 2005 Mihi
700 1980 756 2004 reo
780 1969 943 2011 miserere,

640 2021 695 2054 Sic
719 2021 751 2051 et
776 2018 897 2051 cunctis
921 2016 1055 2059 miserie,

594 2068 633 2101 In
658 2067 822 2109 praesenti
847 2074 905 2099 nos
929 2068 1021 2098 tuere

640 2116 686 2149 Et
710 2118 785 2156 post
810 2114 893 2148 diem
919 2113 1040 2146 funeris

593 2165 631 2197 111
658 2163 766 2197 futuro
791 2162 844 2195 fac
868 2162 1009 2204 gaudere

640 2211 807 2253 Perpetim
830 2219 901 2243 cum
925 2210 1063 2250 superis.

193 2291 275 2320 Orat.
295 2300 350 2320 ms.
371 2292 487 2319 Domus
502 2290 609 2318 Novae
626 2289 718 2316 Lucis
741 2289 811 2316 anni
833 2285 917 2315 1477.
933 2286 1003 2315 Cod.
1017 2286 1205 2316 Ultraiectin-
1220 2282 1339 2317 Scriptt.
1355 2279 1436 2307 Eccl.

116 2329 182 2360 375.
204 2346 244 2351 —
263 2331 335 2359 Dies
356 2329 432 2358 Lied
454 2328 525 2357 oder
537 2327 725 2356 Bruehstiick
746 2327 827 2355 eines
840 2325 947 2355 Liedes
968 2326 1009 2353 ist
1021 2327 1053 2353 in
1067 2325 1118 2352 der
1133 2323 1186 2351 Hs.
1202 2322 1298 2348 einem
1310 2318 1438 2347 Matien-

114 2370 194 2399 1iede
213 2370 396 2408 angehieingt,
428 2369 483 2396 mit
508 2368 573 2395 dem
595 2374 625 2395 es
646 2367 744 2394 nichts
765 2374 803 2393 zu
821 2366 897 2394 thuri
917 2365 979 2393 hat.
1020 2364 1076 2392 Am
1097 2361 1236 2391 Schiusse
1253 2358 1329 2395 folgt
1347 2356 1439 2384 noch:

116 2410 242 2438 Veniam
261 2417 333 2447 rogo
357 2408 477 2442 Christi,
499 2406 542 2436 Ut
561 2414 617 2435 sua
637 2414 690 2441 per
709 2404 834 2433 vulnera
857 2403 964 2433 Deleat
983 2410 1062 2431 nunc
1083 2402 1182 2429 omnia
1201 2398 1340 2430 facinora,
1364 2402 1438 2431 quae

171 2460 286 2489 Blume,
302 2459 346 2484 Pia
360 2459 506 2486 Dictzmina.
537 2459 578 2484 IV.
