1653 2608
731 93 985 129 —207—

437 192 544 234 Absit,
569 195 607 224 ut
630 191 787 224 incineret
809 192 899 225 illam
925 192 1085 233 corruptio
1110 198 1247 231 carnem,

437 239 487 272 De
513 250 575 281 qua
599 242 727 281 sumpta
750 238 813 272 fuit
836 240 925 272 unita
952 241 1011 273 Dei
1036 249 1109 273 caro
1134 239 1242 274 verbo.

437 288 521 320 Nam
547 288 687 321 caruisse
712 297 800 320 suam
827 289 984 320 decuisset
1007 289 1127 321 honore
1150 290 1325 327 parentem,

441 335 536 368 Cuius
564 337 691 369 decreto
716 338 824 375 patres
851 337 1050 368 cumulantur
1075 335 1219 367 honore?

437 384 534 427 Pone,
562 383 645 424 quod
671 383 705 414 in
729 386 818 415 terra
842 384 907 415 sint
931 393 1003 416 ossa
1027 383 1140 416 relicta
1164 382 1276 415 beatae

438 431 582 473 Virginis
608 433 640 462 et
663 431 752 462 nulla
775 433 882 462 tantus
907 432 1073 464 thesaurus
1098 431 1131 462 in
1157 439 1214 462 ara

438 479 488 512 Sit
513 479 647 511 celebris
672 478 817 518 populis:
846 482 932 510 certe
956 478 1088 511 solertia
1112 487 1220 518 regum

439 528 574 560 Prorsus
599 526 633 558 in
653 525 809 557 abstrusis
834 526 959 558 telluris
984 526 1123 559 hiatibus
1147 526 1237 557 illum

438 575 611 614 Quaereret
636 575 668 604 et
693 573 779 605 cultu
804 574 922 606 mundo
948 574 1171 606 celeberrimus
1198 576 1290 613 esset,

438 621 507 653 Nec
532 621 622 661 quasi
648 621 810 662 neglectus
835 622 878 654 ad
903 624 1048 662 tempora
1071 623 1182 653 nostra
1205 621 1330 653 lateret.

439 668 591 701 Creditur
615 676 688 709 ergo
706 669 759 709 pie
785 678 858 701 caro
884 669 1062 710 glorificata
1085 668 1219 702 Mariae.

283 741 354 768 God.
377 741 407 769 S.
428 744 562 772 Floriani
582 744 626 773 XI
646 741 712 772 216.
736 753 810 772 saec.
834 742 877 772 13.

625 874 694 906 203.
726 875 761 907 111
782 876 998 916 Assumptionc
1017 875 1104 908 BMV.

441 956 605 990 Petrus.

247 1049 253 1056 .
282 1023 387 1063 Salve,
413 1025 516 1054 mater
540 1023 719 1065 salvatoriS,

281 1070 368 1109 Quae
392 1070 495 1102 Deum
523 1071 652 1102 deorum
675 1071 774 1111 paris,

282 1117 386 1158 Salve,
412 1118 501 1158 virgo
528 1117 709 1158 singularis,

280 1166 367 1205 Quae
392 1166 517 1198 vocaris
543 1165 637 1198 stella
662 1165 770 1198 maris.

438 1262 608 1294 Paulus.

245 1353 252 1361 .
281 1329 385 1371 Salve,
413 1329 498 1361 vitae
523 1329 714 1371 reparatrix,

279 1376 386 1416 Salve,
413 1377 498 1409 vitae
523 1376 709 1416 reseratrix,

279 1424 382 1468 Salve,
411 1425 501 1456 verbi
524 1424 752 1465 praedicatrix,

277 1471 382 1514 Salve,
408 1475 521 1505 sancta
545 1472 733 1513 legislatriX.

413 1568 623 1601 Andreas.

246 1660 254 1668 .
280 1635 386 1678 Salve,
412 1638 515 1668 mater
540 1637 614 1669 Iesu
639 1635 768 1674 Christi,

279 1683 385 1724 Salve,
413 1684 512 1725 virgo,
542 1684 610 1716 vita
634 1684 754 1727 mundi,

281 1731 356 1764 Sola
383 1732 479 1772 digna
504 1741 583 1772 quae
609 1730 699 1763 fuisti

274 1779 327 1811 Ab
353 1780 465 1821 angelo
490 1779 634 1812 salutari.

427 1876 615 1911 Iacobus.

243 1970 250 1977 .
279 1943 402 1986 Gaude,
428 1954 520 1977 soror
541 1944 702 1986 insignita,

278 1991 401 2033 Gaude,
428 1993 540 2026 mundi
564 2001 637 2033 spes
664 1995 696 2023 et
720 1993 797 2033 vita,

279 2039 401 2081 Gaude,
428 2050 521 2073 sacra
545 2040 719 2081 margarita

276 2088 314 2120 In
341 2097 458 2122 corona
482 2090 557 2122 Iesu
579 2090 650 2122 sita.

409 2186 634 2219 Iohannes

243 2282 250 2288 .
279 2254 383 2295 Virga
405 2253 521 2287 fronde
546 2253 719 2295 fructuosa,

274 2303 374 2343 Virgo
399 2303 492 2343 prole
516 2303 668 2344 pretiosa,

274 2351 372 2393 Regis
398 2361 516 2394 sponsa
542 2351 695 2394 speciosa,

275 2400 398 2444 Gaude,
424 2400 567 2443 gaudens
592 2399 708 2433 florens
735 2409 817 2432 rosa.

930 1025 960 1056 6.

906 2256 961 2290 10.

1109 956 1301 990 Thomas,

990 1022 1103 1056 Gaude
1127 1025 1171 1063 tu,
1196 1031 1276 1062 quae
1301 1022 1447 1062 genuisti,

986 1071 1106 1111 Regem
1130 1078 1238 1110 regum
1266 1069 1366 1101 Deum
1394 1069 1483 1110 caeli,

991 1119 1088 1158 Quem
1115 1118 1250 1149 adorant
1274 1117 1465 1160 archangeli,

988 1168 1085 1207 Quem
1103 1165 1210 1205 angeli
1227 1173 1383 1205 quemque
1398 1164 1518 1196 throni.

1109 1261 1299 1293 Iacobus.

991 1331 1015 1364 O
1043 1330 1173 1362 deorum
1198 1328 1401 1370 dominatrix,

987 1377 1184 1419 Angelorum
1208 1376 1406 1417 imperatrix,

989 1426 1013 1459 O
1040 1427 1231 1457 maestorum
1257 1423 1462 1464 consolatrix,

986 1474 1066 1506 Esto
1092 1472 1169 1503 mihi
1193 1472 1384 1504 miseratrix.

1084 1567 1329 1608 Philippus.

989 1638 1014 1670 Ο
1043 1636 1169 1669 domina
1195 1638 1227 1667 et
1251 1634 1371 1677 regina,

991 1685 1095 1723 Casta,
1122 1684 1268 1724 simplex,
1296 1683 1484 1723 columbina,

989 1733 1076 1772 Quae
1099 1740 1133 1763 es
1157 1731 1267 1763 mundi
1292 1731 1459 1775 medicina,

988 1781 1043 1813 Ad
1067 1780 1259 1812 medendum
1285 1788 1334 1810 me
1358 1778 1484 1811 festina.

1023 1876 1389 1909 Bartholomaeus

990 1946 1014 1979 O
1040 1944 1156 1983 Maria,
1183 1953 1307 1985 gemma
1331 1943 1420 1983 caeli,

988 1994 1061 2027 Lux
1085 1995 1115 2024 et
1142 1992 1218 2024 luna
1241 1992 1395 2032 paradisi,

989 2043 1019 2074 A
1044 2040 1192 2074 fiuctibus
1218 2041 1309 2072 huius
1336 2039 1432 2071 saecli

991 2090 1153 2123 conserva
1178 2098 1235 2120 nos
1262 2090 1293 2119 et
1319 2087 1453 2122 custodi,

1080 2185 1337 2219 Matthaeus

988 2257 1038 2288 Tu
1063 2256 1245 2288 sanctorum
1266 2251 1454 2292 psalmodia,

988 2304 1037 2336 Tu
1061 2305 1237 2341 martyrum
1262 2299 1411 2340 melodia,

988 2353 1038 2384 Tu
1061 2350 1196 2383 militum
1222 2348 1351 2391 letania,

987 2400 1036 2433 Tu
1062 2398 1177 2431 civium
1203 2396 1403 2439 symphonia.
