1651 2606
615 120 850 156 ...95-

482 216 526 246 77.
560 215 602 247 De
622 215 732 247 sancta
753 213 848 246 cruce
867 213 981 245 metra.

211 276 308 314 Quam
335 276 537 317 venerahilis,
562 275 796 317 impretiabilis,
825 274 877 307 hic
901 275 988 317 ades,
1014 284 1032 306 o
1059 283 1151 314 crux,

210 323 317 355 Arbor
340 323 495 363 amabilis,
520 323 756 364 insuperabilis,
782 323 835 355 hic
857 322 946 362 ades,
973 331 990 354 o
1018 322 1101 354 dux!

211 371 333 404 Cuncta
355 371 431 414 poli,
457 370 556 403 maris
580 373 674 411 atque
697 371 758 402 soli
782 370 866 403 bona
889 370 958 402 sola
982 369 1095 410 tulisti,

212 417 352 450 Crimina
375 420 512 459 contere,
537 419 654 458 gaudia
677 426 820 458 congere,
846 417 954 450 baiula
979 416 1109 451 Christi.

154 465 184 497 5.
210 465 265 497 Ad
288 466 342 496 tua
369 473 485 497 cornua
509 468 641 504 pectora
667 473 782 497 carnea
805 474 890 497 mors
915 465 1008 497 trahe
1030 465 1153 507 mortis,

210 512 263 544 Ad
288 520 379 543 sacra
402 511 549 552 stigmata
575 513 726 545 contrahe
752 512 878 544 climata
902 515 1050 552 quattuor
1075 512 1173 545 orbis,

211 558 260 590 Tu
282 559 350 590 sine
374 559 520 591 sordibus
545 558 642 591 influe
668 559 827 600 cordibus,
854 568 871 591 ο
896 560 998 599 patris
1024 568 1114 599 agne,

212 605 296 638 Crux
321 604 380 637 lita
401 606 547 645 postibus
573 609 622 638 est
645 615 745 646 pavor
770 606 923 651 hostibus,
951 615 968 639 o
993 607 1043 639 leo
1068 615 1190 647 magne.

211 653 296 685 Hinc
320 652 432 691 procul
453 653 538 693 hinc,
563 654 613 686 leo
637 657 722 694 trux,
745 654 825 686 nihil
848 654 901 686 hic
922 654 986 686 nisi
1012 663 1099 694 crux,
1124 654 1186 687 nisi
1213 663 1288 694 pax,
1314 655 1380 687 lux.

132 697 186 731 10.
212 698 307 730 Vivat.
330 699 433 739 homo,
459 698 537 732 foris
562 701 656 740 inque
683 702 774 734 domo
800 702 887 743 viget
909 701 1006 733 unica
1029 710 1102 742 spes
1130 711 1219 735 crux,

214 746 300 778 Vasa
322 745 385 778 Dei
408 746 535 779 titulum
554 746 631 780 fidei
656 747 738 789 fuge,
762 748 870 781 letifer
895 749 1015 788 anguis.

213 792 280 824 Nos
305 791 421 834 foveat,
446 795 531 827 mala
556 795 715 828 dimoveat
738 804 830 828 sacer
854 795 888 828 in
913 804 1006 828 cruce
1030 797 1170 837 sanguis.

161 847 233 875 Add.
254 856 306 876 ms.
327 856 403 877 saec.
424 848 469 878 15.
489 853 557 886 post
576 850 802 889 Septemplicafa
821 854 932 888 septem
952 852 1062 889 gandia
1080 853 1150 889 imp.
1170 861 1194 880 s.
1213 852 1235 880 1.
1256 854 1286 880 et.
1304 861 1332 881 a.

543 941 588 974 78.
618 943 663 974 De
681 944 790 974 sancta
811 942 913 975 cruce.

275 1001 361 1034 Crux
386 1002 478 1043 bona,
505 1010 583 1035 crux
610 1003 715 1043 digna,
740 1003 866 1043 lignum
893 1012 991 1045 super
1014 1005 1121 1038 omnia
1145 1006 1242 1047 ligna,

271 1048 327 1080 Me
351 1047 410 1080 tibi
435 1049 585 1090 consigna
610 1051 736 1084 salvans
762 1060 781 1082 a
806 1052 909 1083 morte
933 1053 1082 1093 maligna.

272 1096 398 1128 Aeneas
423 1096 476 1128 hic
501 1097 638 1139 coluber,
666 1106 761 1130 cruce
784 1098 938 1142 lugubris,
965 1101 1036 1140 ipse
1060 1099 1193 1133 saluber

270 1143 377 1183 Atque
401 1151 514 1175 cruore
537 1144 642 1185 ruber,
671 1145 766 1177 variis
791 1145 956 1179 affectibus
982 1148 1072 1188 uber,

213 1188 245 1221 5.
272 1190 371 1223 Omne
394 1188 484 1230 fugat
508 1191 601 1223 tuber
625 1194 657 1223 et
681 1193 795 1232 culpae
820 1194 927 1225 nexile
950 1194 1058 1236 suber,

270 1235 365 1270 Hunc
388 1246 477 1278 puer,
504 1238 586 1271 hunc
611 1240 722 1281 puber,
749 1240 833 1272 hunc
858 1249 954 1274 canus
978 1246 1071 1283 sugat
1095 1245 1130 1275 ut
1155 1243 1244 1278 uber.

272 1284 332 1323 Qui
355 1287 420 1316 stas
446 1294 505 1325 pro
529 1288 647 1319 mundo
670 1288 810 1320 nudatus
836 1295 971 1329 corpore
996 1290 1124 1331 mundo,

269 1330 353 1371 Iesu,
377 1331 538 1372 profundo
562 1334 696 1374 gemitus
720 1334 779 1367 tibi
805 1336 902 1368 corde
923 1337 1096 1376 profundo,

271 1378 367 1410 Nulla
391 1379 450 1411 tibi
476 1381 583 1422 vestis,
610 1383 664 1422 qui
689 1382 810 1414 caelum
835 1383 942 1415 sidere
968 1386 1075 1425 vestis,

190 1423 243 1457 10.
271 1426 295 1458 O
322 1434 377 1458 rex
404 1426 558 1467 caelestis,
585 1430 632 1460 sic
656 1432 691 1460 tu
714 1430 838 1461 sociare
861 1431 1031 1464 scelestis?

270 1472 347 1504 Sors
370 1477 499 1506 nostrae
523 1475 617 1507 sortis
643 1475 780 1509 bellator
804 1479 837 1508 et
859 1478 989 1519 optime,
1017 1478 1110 1512 fortis

268 1519 317 1552 Tu
341 1521 445 1553 victor
467 1522 579 1554 mortis
604 1523 741 1556 Satanae
765 1533 947 1565 pravaeque
971 1526 1122 1570 cohortis,

269 1568 305 1599 In
329 1576 422 1600 eruce
446 1569 498 1608 qui
522 1570 665 1613 moreris,
695 1571 817 1603 veniam
841 1580 882 1604 ne
907 1573 1014 1606 dando
1038 1576 1182 1617 moreris,

267 1614 332 1646 Per
358 1615 463 1648 clavos
487 1617 605 1649 teneris
631 1618 777 1650 manibus
802 1619 1000 1661 pedibusque
1024 1623 1153 1666 teneris,

188 1659 242 1692 15.
270 1660 372 1693 Corde
395 1663 449 1702 pio
473 1664 608 1707 miseriS,
635 1666 688 1706 qui
713 1668 746 1697 te
771 1667 924 1708 cruciant,
950 1669 1121 1708 misereriS,

267 1708 351 1741 Dum
374 1710 457 1742 mala
483 1720 545 1743 non
571 1714 677 1751 queris
701 1714 759 1746 sed
785 1714 903 1746 dimitti
921 1716 983 1748 sibi
1008 1718 1145 1759 quaeris,

267 1756 306 1787 In
330 1758 363 1787 te
388 1757 495 1789 confisi
519 1760 639 1792 socium
665 1761 902 1801 reprehendere
926 1764 988 1795 nisi

267 1802 320 1834 Ad
346 1802 407 1835 duo
432 1804 530 1837 verba
553 1806 614 1838 nisi
638 1808 798 1848 praebens
822 1810 944 1842 aditum
970 1812 1123 1851 paradisi.

266 1849 399 1882 Latroni
421 1851 527 1884 iuveni
553 1854 637 1893 quod
663 1855 720 1887 dat
743 1857 891 1889 contritio
915 1866 997 1900 sera,

185 1895 240 1927 20.
265 1895 336 1928 Hoc
359 1897 447 1939 mihi,
474 1908 600 1941 quaeso⁷
626 1902 694 1934 seni
721 1902 818 1936 donet
842 1903 1000 1937 confessio
1025 1914 1113 1940 vera.

266 1943 315 1975 Sit
340 1953 428 1976 meus
452 1946 505 1978 hie
529 1945 630 1979 frater
653 1949 711 1981 tibi
737 1949 831 1990 filiuS,
861 1951 974 1985 inclita
999 1956 1110 1993 mater,

264 1990 310 2022 Et
332 1991 392 2023 tibi
416 1992 457 2024 sit
480 1997 583 2026 mater
606 1997 750 2036 genetrix
775 2006 855 2038 mea,
882 2001 916 2030 tu
941 1999 995 2039 pie
1014 1999 1126 2034 frater.

145 2043 215 2072 Cod.
236 2043 435 2075 Sitanstetten.
452 2046 508 2077 265
527 2058 603 2078 saec.
625 2049 669 2079 15.

530 2132 577 2163 79.
611 2131 655 2165 De
674 2136 784 2166 saneta
805 2135 909 2168 Gruee.

712 2195 729 2228 Ι

262 2246 345 2288 Quid
365 2247 427 2279 sibi
451 2249 519 2281 vult
543 2249 663 2283 clamor
686 2252 812 2286 validus
839 2254 959 2288 Christi
981 2258 1170 2292 morientis?

260 2294 306 2328 Ut
330 2299 494 2328 moveatur
517 2306 606 2330 amor
629 2299 765 2332 hominis
790 2301 852 2334 sibi
878 2306 1109 2344 compatientis.

260 2342 370 2386 Sputa,
396 2341 532 2385 flagella,
557 2346 670 2386 minae,
698 2356 784 2392 crux,
812 2351 905 2391 clavi,
930 2352 1051 2395 lancea,
1073 2355 1195 2395 spinae,

260 2390 363 2425 Felici
387 2390 451 2424 fine
471 2396 545 2426 sunt
569 2397 697 2428 nostrae
720 2400 806 2432 meta
826 2398 948 2434 ruinae.
