1651 2606
695 98 947 133 -116—

475 197 538 228 109.
567 195 613 227 Au
633 193 838 226 elevationem
858 189 1022 231 sanguinis
1044 189 1170 221 christi.

204 304 212 313 .
240 277 343 318 Salve,
366 286 455 309 sacer
478 276 597 310 Christi
622 273 758 314 sanguis,

239 325 305 357 Iter
329 327 449 356 rectum
474 324 565 356 nobis
590 321 705 362 pandis

285 373 339 404 Ad
363 375 492 403 aeterna
516 370 640 411 gaudia.

206 466 213 473 .
239 440 318 481 Ave,
345 440 437 479 potus
462 436 622 474 salutaris,

238 486 352 518 Nullus
377 484 438 516 fuit
462 492 521 515 nec
546 486 594 514 est
617 482 691 514 talis

284 532 440 565 Bonitatis
467 531 566 570 copia.

862 273 892 304 3.
919 270 1076 303 Miserere
1097 270 1170 312 mei,
1198 269 1336 309 Christe,

917 318 993 350 Fiat
1016 317 1094 349 mihi
1119 317 1207 349 rivus
1231 316 1293 348 iste

967 365 1175 397 Peccatorum
1199 364 1303 398 venia.

861 435 893 467 4.
920 433 1016 466 Salva
1038 441 1089 464 me
1113 431 1154 464 ab
1179 432 1264 464 omni
1288 432 1384 472 malo,

919 481 987 513 Fac
1010 489 1061 512 me
1085 478 1151 511 frui
1176 479 1261 512 omni
1285 479 1369 511 bono

968 529 1006 560 In
1031 528 1162 560 caelesti
1186 527 1302 568 patria.

242 608 372 636 Oration.
394 615 446 634 ms.
466 606 643 633 Pataviense
663 613 739 632 saec.
761 603 805 633 15.
846 605 914 633 Cod.
936 604 1101 633 Gottrvicen.
1123 601 1189 631 444.

360 725 417 757 110.
449 724 564 765 Incipit
584 725 685 757 oratio
706 724 853 756 Iohannis
872 725 1054 765 presbyteri
1076 726 1114 757 (le
1136 724 1290 766 sanguine

583 772 704 804 Domini
723 770 825 803 nostri
843 772 916 803 Iesu
936 772 1060 804 Christi.

205 880 211 885 .
240 851 344 893 Salve,
371 853 497 895 sanguis
524 853 642 886 Christi
668 852 739 893 Dei,

236 901 302 933 Dos
328 903 467 942 aeterna,
493 900 586 932 firma
610 901 688 941 spei,

238 948 374 989 Merces,
400 957 462 988 qua
486 949 649 980 salvantur
673 949 731 989 rei,

282 996 368 1034 Vita,
395 996 481 1027 salus
504 996 684 1036 hominum3

237 1041 318 1083 Ave,
346 1052 439 1076 cruor
463 1043 552 1083 large
578 1042 666 1075 fusus

237 1090 290 1122 Ad
314 1093 442 1122 nostrae
466 1091 577 1122 salutis
602 1100 688 1131 usus,

240 1139 358 1171 Saevus
382 1138 481 1169 hostis
507 1141 554 1169 est
581 1138 728 1170 detrusus

285 1186 346 1218 Per
370 1188 402 1216 te
426 1185 585 1218 Christum
607 1186 786 1219 Dominum.

180 1255 210 1287 2.
237 1249 336 1286 Nobis
361 1261 441 1292 puer
466 1253 667 1285 circumcisus

233 1299 278 1331 Es
306 1302 451 1331 cruentus
476 1309 569 1332 orans
594 1301 692 1341 nisus,

236 1347 351 1389 virgis,
375 1346 510 1386 flagellis
536 1348 641 1388 elisus,

287 1394 420 1434 Sanguis
443 1393 537 1426 fluxit
560 1395 680 1436 libere3

239 1438 360 1475 Grandi
383 1442 541 1474 ludribrio
568 1443 664 1482 daris,

237 1489 343 1520 Triste
367 1489 467 1528 spinis
493 1491 664 1532 coronaris,

238 1536 341 1569 Carne
365 1539 450 1568 totus
474 1537 637 1580 laceraris,

285 1583 386 1616 Cruor
409 1587 518 1616 manat
541 1585 649 1618 ubere.

205 1676 211 1683 .
238 1646 324 1682 Vide
350 1650 455 1682 clavos
480 1655 658 1691 penetrare,

238 1697 364 1737 Manus,
391 1699 489 1737 pedes
514 1699 682 1732 vulnerare

238 1744 283 1776 Et
306 1746 488 1785 sanguinem
516 1746 672 1779 distillare

288 1791 427 1833 Corpore
448 1794 633 1832 poenaliter,

237 1836 363 1879 Impetu
387 1841 485 1872 currit
510 1843 629 1874 cruoris

239 1886 324 1919 Fons
351 1887 391 1919 de
416 1888 510 1920 corde
535 1889 712 1935 salvatoris,

241 1934 369 1967 Lancea
392 1938 518 1975 portam
543 1938 658 1969 amoris

286 1982 402 2022 Aperit
425 1983 576 2016 totaliter.

206 2075 213 2083 .
240 2046 367 2082 Saliunt
392 2057 485 2081 cruor
510 2052 542 2080 et
565 2051 660 2091 unda,

238 2096 384 2128 Lavacra
407 2096 470 2128 reis
496 2095 643 2139 fecunda,

240 2143 352 2176 Gratia
378 2144 472 2176 datur
492 2144 619 2177 abunda

288 2192 430 2232 Purgans
456 2201 547 2224 omne
571 2193 701 2234 vitium;

239 2237 349 2273 Dulcis
376 2248 477 2284 cruor,
504 2240 608 2280 liquor
633 2242 747 2280 suavis,

237 2288 353 2330 Virgis,
380 2287 489 2330 spinis,
519 2286 614 2328 ferro,
642 2290 740 2322 clavis

237 2335 432 2377 Prorumpit,
459 2345 519 2375 quo
546 2336 638 2375 culpa
663 2338 770 2378 gravis

284 2383 387 2417 Sumit
412 2383 608 2416 beneficium.

859 854 889 885 5.
916 849 1079 893 Originale
1103 856 1269 894 peccatum

919 900 1021 932 Solvit
1047 901 1134 933 delet
1158 904 1191 932 et
1215 904 1351 939 reatum,

918 949 1018 981 Omne
1042 949 1161 980 crimen
1187 951 1409 989 perpetratum

966 997 1161 1029 Postulantis
1186 998 1330 1037 veniam3

921 1041 1104 1078 Misericors
1129 1044 1307 1084 miserator,

921 1092 1082 1133 Sanguine
1104 1095 1169 1133 tuo,
1197 1092 1348 1133 salvator,

920 1139 989 1172 Cito
1013 1141 1154 1180 respirat
1176 1143 1328 1180 peccator

966 1187 1113 1220 Salvatus
1139 1197 1198 1228 per
1223 1188 1370 1229 gratiam.

884 1280 891 1287 .
918 1252 993 1289 Iesu
1019 1255 1156 1295 Christe,
1183 1258 1219 1287 tu
1243 1255 1427 1288 thesaurum

918 1303 1096 1334 Pretiosum
1121 1312 1218 1343 super
1242 1313 1354 1335 aurum

919 1350 1046 1382 Dedisti
1072 1351 1187 1390 culpae
1212 1354 1391 1383 restaurum

965 1398 1114 1437 Largiter
1139 1398 1330 1441 hominibus,

919 1442 984 1479 Nos
1010 1445 1063 1477 hic
1087 1446 1141 1486 qui
1165 1446 1411 1488 perigrinamur,

916 1493 995 1525 Eius
1021 1496 1113 1533 gustu
1139 1503 1331 1536 recreamur,

919 1542 948 1572 A
974 1541 1095 1573 cunctis
1121 1542 1241 1574 morbis
1265 1552 1416 1575 sanamur

965 1588 1113 1621 Mundati
1142 1590 1337 1625 criminibus,

885 1683 890 1688 .
918 1652 1035 1696 Ingens
1060 1657 1198 1697 pretium
1224 1658 1349 1690 solvisti

917 1703 1095 1744 Sanguinis,
1117 1714 1177 1745 quo
1204 1706 1378 1746 redemisti,

920 1751 1056 1792 Christe,
1082 1752 1189 1792 lapsos
1215 1763 1292 1794 quos
1313 1754 1422 1787 vidisti

966 1799 1082 1831 Mortis
1106 1801 1139 1832 in
1165 1801 1346 1842 interitum3

919 1843 1043 1879 Nobilis
1069 1857 1126 1879 ara
1150 1849 1273 1883 salutis,

918 1894 1004 1926 Data
1028 1895 1131 1926 sexies
1158 1896 1286 1928 virtutis

920 1942 1019 1981 Opem
1043 1946 1189 1982 praestat
1211 1947 1243 1975 et
1266 1945 1379 1977 salutis

967 1989 1088 2031 Gulpis,
1115 1994 1208 2031 auget
1232 1993 1390 2026 meritum.

887 2079 893 2086 .
924 2051 1088 2096 Obtulisti,
1116 2056 1253 2099 Christe,
1281 2059 1349 2093 Deo

920 2103 1011 2134 Patri
1036 2105 1219 2145 sanguinem
1243 2117 1303 2147 pro
1329 2118 1395 2149 reo,

920 2150 1064 2182 Moriens
1089 2155 1189 2184 totum
1215 2164 1274 2194 pro
1301 2164 1348 2198 eo,

967 2198 1124 2231 Mundum
1149 2203 1376 2244 reconcilians;

922 2242 1021 2279 Sacro
1046 2248 1200 2288 sanguine
1224 2249 1347 2292 beatur,

920 2293 1083 2335 Baptismo
1110 2296 1230 2329 Christi
1255 2301 1411 2339 sacratur,

919 2340 1016 2375 Unda
1039 2342 1151 2375 lateris
1176 2344 1305 2377 lavatur

967 2389 1052 2421 Reus
1078 2399 1113 2422 se
1135 2391 1321 2428 humilians,
