1651 2606
685 89 920 130 -41,ὰ

164 190 219 222 59.
245 191 374 231 Precor,
401 191 475 224 Iesu
503 192 693 231 dulcissime,

246 238 324 269 Post
348 241 440 271 tanta
464 240 621 273 beneficia

246 285 364 318 Adhuc
389 285 442 318 fac
465 296 515 319 me
539 288 695 320 latissime

247 332 318 364 Tua
342 334 483 374 gaudere
508 336 621 375 gratia.

851 191 906 226 61.
932 193 1001 225 Fac
1026 200 1094 224 eam
1121 200 1247 225 carnem
1273 192 1421 234 subdere,

931 239 1062 271 Falsum
1087 241 1239 272 mundum
1266 241 1440 280 despicere,

932 287 1043 320 Hostis
1068 286 1198 319 fraudes
1223 287 1362 322 evadere

931 334 977 366 Et
998 336 1032 365 te
1055 343 1181 374 semper
1203 338 1366 375 appetere.

165 399 221 431 60.
851 403 905 434 62.
932 401 1047 433 Mortis
1073 404 1147 434 tuac
1170 402 1322 434 memoria

934 448 1021 490 lngis
1047 458 1101 481 cor
1123 458 1228 481 meum
1253 448 1367 490 fodiat,

934 496 1063 528 Amoris
1089 497 1135 528 tui
1158 497 1262 537 gratia

932 542 1088 582 Spiritum
1112 544 1228 576 ardere
1250 542 1359 576 faciat.

247 400 301 432 Ad
326 409 428 433 meam
455 400 565 434 confer
588 402 725 434 animam

250 447 379 480 Claram
403 448 665 489 intellegentiam,

248 495 454 528 Voluntatem
479 495 687 527 rectissimam

249 541 294 574 Et
314 543 427 575 utilem
450 543 645 575 memoriam.

509 610 563 642 63.
591 609 696 648 Patri,
721 612 806 647 nato,
832 610 990 649 paraclito

591 656 677 688 Laus
703 656 743 687 sit
768 665 895 696 semper
919 659 951 688 et
974 657 1084 697 gloria,

592 703 709 736 Mortis
735 703 854 736 Christi
878 703 942 736 sint
965 705 1078 736 merito

593 750 695 783 Nobis
719 754 851 783 aeterna
875 752 1002 792 gaudia,

230 825 398 853 Thesaurus
419 825 583 861 spiritualis
603 826 673 862 imp.
693 826 826 854 Venetiis
849 823 930 853 1570.
972 826 1124 861 „Hymnus
1145 827 1351 855 devotissimae
1371 827 1460 855 medi-

152 863 276 890 tationis
302 865 395 891 totius
418 865 500 891 vitae
524 862 706 892 salvatoris.“
735 878 774 882 —
795 863 930 892 Mehrere
954 864 1048 891 Verse
1069 864 1181 898 haben,
1208 866 1265 892 wie
1291 873 1321 893 es
1346 866 1461 893 scheint

153 900 384 938 beabsichtigter
402 901 512 934 Wetse,
535 903 599 929 eine
619 901 702 930 Silbe
722 902 851 936 weniger
871 901 932 929 und
951 901 1098 938 beginnen
1118 903 1173 929 mit
1190 903 1240 930 der
1259 904 1351 930 Arsis.

597 1029 639 1063 31.
668 1030 714 1062 Ad
735 1029 889 1062 christum
910 1029 1027 1062 Oratio.

803 1111 828 1142 I.

168 1187 199 1221 1.
226 1187 388 1229 Splendor
405 1187 519 1228 patris,
537 1188 643 1219 lumen
660 1196 780 1228 verum,
878 1189 908 1220 7.
935 1188 1025 1220 Intus
1049 1191 1175 1227 nocent,
1202 1187 1287 1219 intus
1311 1186 1453 1228 laedunt,

227 1236 320 1269 Salus
345 1235 465 1274 mundi,
493 1238 581 1267 sator
601 1244 717 1275 rerum,

225 1284 302 1316 Iesu
328 1283 466 1324 Christe,
492 1291 612 1314 summe
636 1283 733 1326 Deus,

225 1331 279 1363 Ad
306 1333 337 1362 te
363 1330 479 1362 clamat
500 1331 598 1362 miser
622 1339 706 1369 reus,

191 1422 197 1429 .
225 1397 347 1437 Optans
370 1396 477 1438 vitam,
504 1397 609 1429 vitans
635 1404 754 1439 necem,

226 1445 275 1477 Tu
300 1444 455 1484 gementis
482 1445 557 1477 audi
582 1453 720 1484 precem.

227 1492 325 1534 Audi,
354 1500 481 1532 quaeso,
511 1492 747 1532 deprecantem,

228 1540 402 1573 Consolare
425 1539 655 1572 lacrimantem.

193 1633 201 1641 .
228 1607 283 1639 Me
307 1607 432 1647 peccati
456 1607 576 1647 premit
598 1607 706 1646 moles,

225 1655 392 1695 Miserere,
419 1655 503 1686 sicut
526 1655 620 1694 soleS,

230 1702 406 1735 Vulnerato
431 1702 539 1734 multis
564 1702 637 1734 telis

227 1750 329 1791 Opem
355 1746 464 1795 [mihi]
490 1748 576 1782 ferre
600 1750 690 1783 velis.

227 1816 353 1850 Morbis
378 1826 516 1858 premor,
543 1820 579 1849 tu
604 1817 744 1850 divinam

227 1866 294 1898 Fer
318 1867 449 1907 aegroto
474 1865 676 1906 medicinam,

226 1913 318 1946 Affer
341 1913 553 1946 medicantem
577 1922 715 1954 manum,

231 1962 318 2001 Quae
333 1971 385 1994 me
398 1963 518 1994 tactum
532 1961 649 1994 reddet
660 1970 781 1994 sanum.

192 2056 200 2064 .
226 2030 317 2063 Inter
341 2030 433 2070 lupos
460 2028 539 2062 cubo
563 2038 686 2070 graves,

227 2078 287 2117 Qui
312 2086 363 2109 me
384 2080 508 2118 vorant,
535 2078 598 2109 nisi
623 2076 723 2118 fach,

226 2126 326 2165 Quam
353 2125 499 2158 crudeles
515 2125 547 2156 in
566 2133 616 2157 me
633 2123 783 2166 fremunt,

224 2173 782 2218 Instant,urgent‚iammepremunt.

192 2266 199 2272 .
226 2242 336 2283 Lupos
364 2242 435 2274 dico
458 2240 631 2282 spiritales,

226 2291 364 2331 Quorum
392 2298 516 2322 morsus
541 2291 614 2321 sunt
638 2288 762 2330 letales,

227 2340 366 2379 Quorum
395 2338 505 2370 dentes
532 2338 678 2370 venenati

227 2387 322 2421 Virus
348 2385 524 2419 infundunt
547 2386 682 2427 peccati.

859 1816 910 1850 10.

856 2028 910 2061 11.

858 2238 911 2272 12.

937 1234 1106 1274 Nunquam
1118 1235 1466 1267 cessantnecrecedunt

939 1282 993 1321 Et,
1021 1282 1045 1313 si
1074 1283 1200 1322 quando
1226 1281 1439 1321 depelluntur,

937 1328 1104 1361 Saeviores
1130 1332 1345 1363 revertuntur.

908 1417 915 1425 .
943 1396 1151 1427 Delectantur
1176 1397 1300 1428 tantum
1325 1403 1411 1436 nece,

939 1443 1010 1475 Non
1036 1441 1196 1484 fugantur,
1221 1443 1284 1474 nisi
1307 1451 1413 1484 prece,

936 1491 982 1523 Et
1005 1491 1034 1522 si
1058 1490 1208 1530 precibus
1232 1492 1384 1534 cessatur,

936 1537 1011 1570 Vita
1034 1547 1108 1570 mox
1132 1538 1343 1578 periclitatur.

938 1605 1018 1638 Sunt
1051 1605 1196 1638 crudeles
1223 1606 1255 1636 et
1279 1606 1353 1636 sunt
1377 1604 1470 1637 multi

937 1653 990 1696 Et,
1018 1654 1102 1693 quod
1127 1653 1218 1693 peius
1246 1656 1303 1694 est,
1331 1653 1457 1695 occulti,

937 1700 1020 1734 Nam
1044 1701 1072 1732 si
1097 1700 1205 1733 forsan
1229 1700 1424 1735 viderentur.

937 1748 983 1780 Te
1007 1748 1137 1781 iuvante
1163 1751 1361 1782 caverentur.

937 1815 1018 1848 Sunt
1039 1815 1145 1857 arguti
1170 1816 1212 1848 ad
1234 1814 1410 1847 fallendum

936 1863 981 1895 Et
1005 1868 1080 1895 sunt
1100 1863 1200 1896 fortes
1218 1863 1260 1895 ad
1279 1864 1466 1902 nocendum,

938 1911 1020 1951 Heu,
1046 1911 1152 1944 stultis
1178 1911 1319 1944 blandiri
1344 1912 1450 1943 sciunt

937 1959 982 1991 Et
1006 1959 1054 1992 sic
1077 1960 1150 2000 plus
1177 1959 1282 1992 nocivi
1306 1958 1397 1992 fiunt.

939 2028 1053 2060 Vultus
1081 2027 1186 2059 celant
1211 2024 1381 2066 feritatem,

938 2076 1075 2108 Precum
1101 2075 1179 2108 dant
1202 2074 1382 2114 utilitatem,

940 2123 993 2155 Sic
1010 2121 1128 2155 fallunt
1143 2123 1302 2155 incautam
1321 2125 1469 2164 mentem,

939 2171 993 2205 Sic
1013 2171 1198 2203 discindunt
1213 2179 1277 2203 non
1295 2172 1468 2203 caventem.

939 2238 1003 2271 Sed
1033 2238 1109 2279 quid
1134 2238 1233 2270 miser
1256 2237 1318 2268 ista
1343 2243 1469 2275 queror,

940 2287 1018 2320 Cum
1030 2296 1081 2319 me
1093 2286 1195 2319 maior
1207 2287 1322 2325 coquat
1332 2292 1468 2323 maeror,

941 2335 1023 2374 Heu,
1050 2334 1126 2367 mali
1151 2333 1312 2365 vicinioris

940 2383 1109 2423 Nunquam
1124 2381 1277 2415 cessantis
1288 2380 1447 2421 languoris
1454 2384 1470 2411 ’.Ἀ
