1651 2606
184 209 214 240 5.
242 208 320 240 Cum
347 207 429 240 enim
455 207 569 239 orabas
594 208 742 247 maestus,

239 255 336 287 ludas
361 255 474 294 turbis,
502 263 549 294 en,
576 252 721 291 infestus,

239 303 284 336 Ut
309 305 341 333 te
365 302 509 334 traderet
532 301 574 334 ad
598 302 742 337 mortem,

240 350 352 382 Secum
377 349 550 389 assumpsit
574 348 764 380 corhortem.

204 434 210 439 .
239 406 379 445 Cumque
399 406 439 437 ad
465 406 591 437 hortum
615 403 755 434 venisset

236 453 282 485 Et
304 453 430 484 turbam
454 452 496 484 ad
518 454 549 482 te
578 450 730 487 duxisset,

238 500 328 532 Tunc
349 508 430 540 agno
455 499 523 530 miti
549 497 638 529 basia

238 546 347 586 Lupus
374 546 463 578 dedit
487 553 654 579 venenosa.

205 628 211 635 .
237 603 282 635 Et
305 602 417 634 Iudaei
442 603 653 639 accesserunt,

239 650 285 683 Ut
307 649 462 680 latronem
487 650 520 679 te
546 650 708 688 ceperunt,

237 696 352 729 Manus
376 698 447 727 tuas
471 695 660 735 ligaverunt.

237 743 280 775 Et
304 743 346 775 ad
370 743 532 782 principes
560 742 727 774 duxerunt.

884 205 903 236 8

861 600 915 633 10.

910 228 916 235 .
939 203 1030 234 Tune
1056 201 1204 241 discipuli
1230 200 1382 242 fugerunt

940 250 986 282 Et
1010 258 1117 281 omnes
1144 253 1176 280 te
1200 250 1408 289 reliquerunt,

943 297 1057 329 Iudaei
1081 299 1114 327 te
1139 298 1368 336 percusserunt

942 344 987 376 Et
1010 345 1125 376 Annae
1149 346 1446 383 praesentaverunt.

944 402 1053 432 Annas
1080 400 1154 432 dum
1179 400 1262 432 seire
1285 400 1386 432 voluit

940 448 1139 488 Doetrinam,
1162 456 1256 487 quam
1273 456 1336 479 non
1356 446 1474 486 docuit,

941 495 991 527 De
1018 495 1183 535 discipulis
1210 495 1344 527 discutit

940 543 986 575 Et
1010 552 1120 576 servus
1147 543 1254 576 Iesum
1278 541 1428 582 percutit.

941 599 1055 631 Palma
1080 608 1173 631 caesa
1199 599 1301 632 dulcis
1327 599 1384 630 illa

942 648 1015 679 Iesu
1042 647 1163 680 Christi
1186 650 1222 678 tu
1247 647 1388 686 maxilla,

942 694 1009 726 Fac
1034 697 1148 727 cuneta
1170 694 1378 727 adversantia

940 741 1015 773 Pati
1037 751 1106 773 eum
1135 742 1302 782 patientia.

562 798 617 833 11.
645 798 757 831 Gloria
781 797 850 838 tibi,
877 798 1022 838 Domine,

645 846 706 885 Qui
731 854 821 878 sacro
846 848 901 877 tuo
926 845 1080 885 sanguine

644 893 728 925 Miro
757 894 873 925 amoris
899 892 1013 924 ordine

644 940 711 972 Nos
736 939 852 972 lavasti
876 949 896 971 a
920 939 1062 972 erimine.

238 1007 311 1034 Orat
329 1015 381 1033 m..
402 1006 571 1034 Thosanum
594 1013 669 1033 saec.
686 1003 731 1032 15.
765 1005 833 1033 Cod.
854 1005 1021 1033 Bruxellen.
1042 1002 1127 1033 4948.

513 1098 561 1129 50.
595 1097 747 1138 Dialogus
770 1097 807 1128 ‹le
828 1097 973 1138 passione
990 1097 1120 1129 Domini.

566 1167 698 1195 Christus
719 1167 757 1194 ad
775 1167 924 1195 hominem
947 1167 1059 1194 dicens:

201 1250 208 1257 .
236 1224 260 1256 Ο
286 1233 341 1256 vos
366 1233 483 1266 omnes,
510 1234 565 1267 qu1
590 1225 733 1257 transitis

231 1271 276 1303 Et
300 1272 499 1312 plangentem
524 1281 575 1303 me
599 1272 727 1313 auditis,

230 1318 358 1350 Mecum
385 1319 537 1359 plangere
561 1320 677 1362 velitis,

280 1366 337 1405 Qui
362 1375 421 1404 pro
445 1366 537 1399 vobis
564 1367 697 1407 crucior,

231 1413 291 1452 Qui
315 1413 467 1453 transitis,
493 1422 511 1445 o
536 1422 592 1445 vos
618 1417 737 1457 gentes,

233 1459 308 1491 Sitis
333 1460 411 1491 mihi
437 1461 650 1503 condolentes,

233 1506 353 1538 Graves
378 1516 495 1546 poenas
520 1507 689 1548 intuentes,

281 1554 365 1593 Quas
389 1563 448 1593 pro
474 1554 565 1587 vobis
589 1555 706 1594 patior.

202 1637 208 1642 .
235 1610 293 1649 Qui
317 1611 471 1649 transitis,
498 1612 685 1651 attendatis,

232 1657 289 1688 Me
311 1658 500 1696 pendentem
526 1658 671 1698 videatis,

233 1704 289 1735 Me
312 1705 512 1745 plangentem
538 1706 673 1746 lugeatis

280 1751 484 1783 Innocentem
508 1752 688 1786 Dommum.

233 1799 417 1830 Attendatis
442 1800 474 1830 in
496 1808 547 1831 me
573 1800 708 1840 Christo,

235 1845 268 1877 Si
294 1848 343 1877 est
368 1846 459 1878 dolor
484 1847 584 1878 maior
607 1848 680 1888 isto,

232 1894 270 1925 In
297 1902 357 1932 quo
382 1894 525 1932 pendens
549 1903 633 1925 nune
658 1895 776 1928 exsisto

281 1941 397 1972 Plenus
424 1941 657 1976 cruciaminum.

199 2023 206 2030 .
233 1996 267 2029 Si
292 1999 341 2029 est
364 2007 522 2037 nunquam
547 1999 648 2030 maior
674 1999 773 2043 dolor,

234 2045 301 2084 Quo
327 2045 497 2077 contristor
523 2048 554 2077 et
579 2046 714 2090 desolor,

233 2092 354 2124 Duram
388 2095 532 2133 mortem,
563 2102 657 2133 quam
689 2103 782 2134 prae-

557 2141 666 2179 stolor,

280 2186 378 2230 Rogo,
406 2187 488 2218 hane
511 2188 679 2220 advertite.

233 2234 267 2267 Si
294 2237 343 2266 est
365 2244 525 2274 nunquam
552 2236 642 2267 dolor
666 2237 751 2279 talis,

232 2283 310 2314 Tam
338 2282 485 2323 crudelis,
510 2285 576 2314 tam
602 2284 755 2327 poenalis,

232 2330 362 2363 Cunctis
388 2339 456 2362 sum
483 2330 623 2370 repletus
648 2332 751 2373 malis,

280 2377 360 2419 Hoc,
386 2387 512 2419 precor,
539 2379 704 2411 attendite.

853 2048 883 2080 6.

856 1228 889 1258 4.
914 1225 1109 1269 Attendatis,
1138 1233 1208 1256 cum
1233 1226 1293 1257 sim
1314 1227 1455 1267 sanctus,

915 1272 1057 1304 Faciatis
1081 1273 1114 1304 in
1139 1281 1190 1304 me
1214 1273 1373 1313 planetus,

917 1319 952 1351 Si
978 1322 1026 1351 est
1052 1320 1143 1351 dolor
1167 1330 1328 1361 nunquam
1348 1322 1467 1360 tantus,

962 1367 1119 1406 Quantum
1147 1376 1203 1407 ego
1229 1369 1342 1411 tolero,

915 1413 974 1452 Qui
1000 1423 1070 1446 eum
1096 1422 1198 1446 essem
1224 1415 1390 1458 gloriosuS,

913 1460 983 1501 Ego
1008 1463 1169 1501 tamquam
1193 1462 1244 1494 vir
1267 1463 1424 1502 leprosuS,

913 1508 1050 1549 Pauper,
1076 1509 1178 1553 inopS,
1207 1510 1373 1542 dolorosus

959 1555 1068 1587 Morte
1090 1559 1224 1588 mortem
1249 1566 1376 1597 supero.

880 1665 887 1673 .
913 1641 982 1681 Ego
1009 1650 1079 1672 eum
1103 1642 1162 1673 sim
1187 1651 1245 1674 rex
1267 1643 1452 1687 immensuS,

916 1688 1168 1729 Comprehensus
1193 1692 1226 1721 et
1250 1689 1386 1722 offensus

913 1735 958 1767 Et
978 1736 1012 1767 in
1038 1745 1163 1768 crucem
1188 1746 1257 1769 sum
1284 1741 1444 1779 extensus,

961 1783 1026 1815 Pro
1055 1785 1196 1823 peccatis
1221 1786 1343 1826 populi,

912 1830 1147 1872 ExprobratuS,
1173 1834 1369 1873 vulneratus,

913 1878 1056 1918 Quinque
1080 1880 1183 1919 plagis
1207 1879 1400 1924 perforatus,

916 1924 1102 1968 Crucifixus,
1128 1928 1226 1958 morti
1251 1928 1344 1960 datus

960 1970 1068 2004 Iustus
1091 1974 1188 2006 iudex
1211 1976 1340 2008 saeculi.

912 2048 972 2087 Qui
996 2049 1147 2082 sedebam
1172 2060 1268 2091 super
1285 2052 1445 2094 thronum,

913 2096 1026 2129 Comes
1050 2096 1154 2130 factus
1179 2108 1248 2131 sum
1272 2100 1441 2140 latronum,

913 2143 1073 2184 Reputate
1097 2147 1220 2186 grande
1246 2148 1374 2191 donum,

961 2192 1049 2232 Quod
1074 2202 1133 2233 pro
1159 2194 1250 2227 vobis
1275 2196 1413 2240 morior3

914 2239 977 2271 Pro
1002 2240 1119 2281 iniquis
1145 2240 1214 2274 fero
1238 2246 1384 2286 mortem,

914 2287 1013 2327 Quam
1043 2298 1175 2321 neeesse
1199 2294 1249 2322 est
1272 2294 1307 2322 ut
1333 2295 1471 2333 portem,

914 2334 993 2367 Tam
1020 2337 1183 2369 crudelem
1206 2341 1236 2369 et
1257 2341 1322 2370 tam
1343 2338 1471 2382 fortem,

964 2383 1034 2422 Qua
1058 2393 1121 2417 non
1146 2388 1195 2417 est
1220 2386 1378 2421 acerbior.
