1651 2606
689 116 921 151 „62-

339 215 368 246 5.
397 214 451 246 Me
472 215 537 246 scio
562 223 624 246 non
651 213 778 254 dignum
805 211 862 244 tibi
887 219 1027 252 pangere
1052 211 1159 243 thema
1183 208 1365 250 benignum,

396 262 557 301 Quomodo
582 270 640 302 per
663 261 781 301 lignum
806 259 964 300 superasti
989 259 1136 298 quodque
1161 257 1331 297 malignum

396 310 544 349 Tempus,
573 310 720 341 devotum
745 308 802 340 sed
828 309 902 348 agat
925 306 1001 338 mihi
1026 314 1080 338 eor
1106 305 1174 337 fore
1199 308 1317 344 notum,

395 357 487 399 Inde,
515 357 598 396 quod
625 360 673 388 est
694 358 811 395 votum,
837 354 915 386 mibi
941 353 1019 386 dare
1043 353 1149 386 nescio
1178 354 1289 385 totum.

397 404 488 437 Solus
514 403 658 443 regnavit
682 402 778 443 Deus,
804 402 908 433 omnia
933 401 1059 441 quando
1087 400 1216 441 creavit,

315 450 367 483 10.
397 452 474 484 Post
500 460 555 483 sex
581 450 728 490 pausavit
752 448 858 492 ferias,
886 449 998 489 quibus
1022 448 1081 480 illa
1102 446 1251 489 patravit,

394 499 486 530 Adae
510 501 680 538 primatum
706 497 816 529 tribuit
841 505 937 536 super
962 505 1054 528 omne
1079 498 1228 527 creatum.

397 545 541 578 Perdidit
567 545 661 576 immo
687 547 803 576 statum
829 553 954 584 pomum
980 543 1136 584 gustando
1162 544 1320 582 negatum.

395 593 464 625 Hoc
488 601 612 632 pomum
638 590 765 634 fiebant,
793 592 832 624 ab
858 592 929 624 Eva
952 593 1105 631 quotquot
1128 589 1308 630 veniebant,

394 640 477 672 Nam
504 639 740 673 descendebant
764 640 855 680 Orco,
882 647 960 670 nece
985 639 1110 678 quando
1136 637 1280 669 ruebant.

313 687 366 719 15.
394 689 541 728 Quaeque
567 689 721 725 creatura,
748 687 877 718 veniens
904 686 996 717 Adae
1017 686 1173 725 genitura,

395 734 484 767 Pomi
510 743 641 765 censura
668 732 729 764 suit
751 733 877 765 inferno
902 733 1055 772 peritura.

395 782 485 813 Tune
507 782 706 812 incarnatum
732 780 819 812 Deus
846 780 910 821 egit
934 780 1057 819 virgine
1080 782 1200 820 natum,

393 828 486 860 Adae
509 831 673 868 peceatum
700 826 784 859 foret
807 831 840 859 ut
868 836 925 867 per
951 835 1020 858 eum
1046 829 1223 859 vacuatum.

392 875 525 907 Missum
554 876 593 907 de
619 875 714 906 caelis
741 875 882 914 concepit
910 874 999 914 virgo
1024 872 1130 906 fidelis

312 923 367 954 20.
394 922 458 954 Sub
486 923 590 954 earnis
614 922 703 960 velis,
730 931 847 961 parens
874 922 959 953 dicto
986 920 1158 955 GabrieliS.

393 970 454 1002 Est,
478 969 564 1002 Deus
590 978 663 1009 ergo
688 973 792 1012 pater,
819 969 908 1009 virgo
933 969 1002 1000 sine
1028 968 1160 1001 erimine
1184 969 1296 1005 mater,

393 1017 455 1049 Est
478 1019 586 1049 noster
610 1016 720 1058 frater,
747 1025 806 1055 per
830 1025 922 1056 quem
947 1016 1063 1048 teritur
1087 1016 1184 1048 Satan
1210 1016 1290 1047 ater.

395 1064 537 1103 Corpore
563 1063 736 1102 crescebat,
763 1073 885 1095 summa
910 1064 1028 1095 virtute
1055 1063 1190 1103 vigebat.

393 1111 535 1150 Templis
562 1112 726 1151 pergebat,
753 1114 862 1151 gentes
888 1111 1036 1150 exempla
1061 1110 1207 1151 docebat,

311 1160 366 1192 25.
393 1158 560 1190 Mendieos
586 1158 684 1198 pavit,
710 1157 865 1190 miracula
889 1158 1123 1201 multiplicavit,

395 1205 512 1238 Caeeos
538 1205 673 1247 sanavit,
699 1205 821 1238 claudis
846 1214 987 1245 gressum
1013 1205 1187 1245 reparavit.

393 1252 449 1284 Fit
473 1251 611 1285 famulus
636 1251 728 1284 fictus
753 1253 850 1285 Iudas
877 1252 1026 1284 Sehariot
1050 1252 1250 1291 maledictuS‚

398 1299 562 1341 venditus,
590 1298 728 1331 afflictus
754 1308 815 1340 quo
840 1308 898 1331 rex
922 1298 984 1331 fuit
1006 1300 1060 1332 hie
1084 1300 1282 1332 benedictus.

394 1347 474 1386 Heu,
503 1356 596 1387 quam
624 1347 685 1378 vile
710 1345 814 1378 forum
841 1347 881 1379 de
908 1347 1033 1379 domino
1059 1346 1095 1379 fit
1122 1347 1330 1385 dominorum,

312 1395 367 1426 30.
395 1395 492 1433 Quem
518 1399 567 1425 ter
594 1395 746 1426 denorum
772 1394 931 1427 vendebat
958 1395 1171 1428 denariorum.

393 1441 490 1473 Mane
516 1440 578 1472 fuit.
601 1449 717 1480 pensus
744 1440 847 1473 Pilato
873 1442 1022 1482 praeside
1048 1451 1169 1485 census,

394 1487 599 1520 Membratim
623 1491 742 1526 tensus,
767 1488 849 1520 fixus
875 1489 983 1528 clavis,
1012 1498 1106 1521 cruce
1129 1497 1257 1529 pensus,

397 1536 475 1569 Cum
501 1545 580 1567 zona
603 1534 717 1574 finivit,
744 1536 786 1568 ad
808 1539 932 1568 tartara
955 1536 1087 1576 spiritus
1111 1537 1179 1575 ivit,

394 1581 579 1615 Luciferum
602 1582 702 1622 trivit,
729 1582 852 1615 vinctos
877 1584 1031 1615 solvendo
1056 1584 1186 1618 redivit.

311 1631 365 1663 35.
391 1630 500 1662 Morte
526 1630 577 1662 die
601 1632 693 1661 terna
715 1631 854 1662 surrexit,
879 1631 953 1663 dote
975 1640 1123 1672 superna,

394 1678 505 1718 Regna
528 1686 586 1717 per
611 1680 741 1708 aeterna
767 1678 911 1710 residens
936 1678 969 1710 in
994 1680 1072 1711 sede
1097 1681 1241 1719 paterna.

396 1724 564 1757 Calvariae
588 1726 695 1756 monte
720 1733 776 1757 rex
801 1728 847 1757 tot
874 1727 959 1758 mala
983 1727 1123 1759 tolerans
1148 1728 1274 1767 sponte,

394 1771 481 1803 Erue
508 1773 547 1804 de
573 1770 660 1803 fonte
686 1776 814 1804 cunctos
839 1772 975 1805 famulos
1000 1774 1194 1816 Acheronte,

394 1818 440 1851 Ut
464 1818 688 1851 benedicentes
713 1818 773 1851 tibi
799 1820 896 1851 simus
919 1821 1037 1861 ubique
1061 1822 1236 1861 placenteS,

310 1867 365 1898 40.
391 1865 507 1897 Tecum
533 1866 708 1906 gaudentes
735 1869 766 1898 et
792 1868 911 1899 caelica
935 1877 1034 1908 regna
1059 1871 1213 1902 tenentes,

394 1913 459 1945 Det
482 1914 594 1946 veniae
618 1922 730 1944 munus
755 1914 1009 1955 Albertoque
1037 1916 1140 1948 trinus
1166 1918 1198 1947 et
1222 1924 1313 1949 unus,

234 1979 314 2007 Orat.
339 1987 392 2005 ms.
422 1977 618 2014 Anglicanum
645 1986 719 2006 saec.
749 1976 792 2007 15.
841 1979 909 2007 God.
933 1980 1115 2017 Maihingen.
1144 1982 1159 2009 Ι
1187 1979 1214 2008 2.
1240 1979 1272 2009 80
1297 1979 1339 2009 19.
1366 1997 1404 2001 —
1430 1981 1468 2011 14

157 2016 249 2045 ortho.
265 2032 301 2036 -—
316 2015 352 2044 25
365 2015 525 2044 Mendieus.
537 2032 573 2036 —
587 2014 633 2043 26.
647 2016 765 2044 Caecus.
784 2033 819 2037 -
834 2015 872 2045 34
884 2018 1052 2046 Luciferum
1066 2020 1167 2047 cernit.
1181 2034 1219 2038 —
1232 2018 1268 2047 41
1283 2018 1465 2057 Albertique.

593 2089 640 2120 54.
673 2088 716 2120 De
734 2089 881 2122 Passione
903 2090 1026 2122 Christi.

170 2161 207 2194 1.
234 2160 343 2193 Tarda
367 2168 520 2201 gressum,
547 2169 565 2192 o
588 2162 749 2200 peccator,
858 2163 888 2193 2.
917 2162 1005 2195 Leva
1029 2164 1151 2196 vultum
1178 2168 1210 2196 et
1233 2164 1366 2198 intende

234 2209 315 2241 Vide
339 2216 483 2248 poenam,
511 2217 604 2248 quam
629 2208 770 2240 salvator
914 2209 958 2241 Et
982 2219 1045 2243 non
1071 2211 1138 2243 eius
1164 2212 1365 2252 parvipende

279 2256 416 2288 Gravem
441 2264 499 2294 pro
524 2257 557 2287 te
581 2255 713 2295 patitur,
959 2258 1038 2290 Tam
1066 2259 1137 2291 dira
1162 2260 1331 2305 supplicia,

234 2303 322 2338 Caeli
344 2306 512 2342 terraeque
537 2305 662 2335 creator
910 2305 1050 2339 Euntem
1074 2308 1131 2340 sed
1157 2307 1300 2347 repende

229 2352 274 2384 Et
296 2352 467 2383 immensus
493 2353 696 2383 conservator
911 2353 955 2385 Et
979 2356 1011 2385 te
1034 2355 1173 2396 compati
1198 2355 1333 2389 ostende

277 2400 314 2431 1n
341 2407 435 2431 eruce
458 2398 675 2439 suspenditur.
958 2401 1072 2435 Cordis
1100 2412 1170 2435 cum
1194 2403 1366 2439 maestitia.
