1651 2606
702 56 955 93 -198—

182 162 214 194 3.
241 159 368 202 Gaude,
394 159 469 200 quia
492 158 539 190 tui
557 157 634 196 nati,
858 152 890 187 6.
917 152 1039 190 Gauda
1066 154 1139 183 tuae
1164 150 1320 183 voluntati

242 207 341 247 Quem
367 206 497 239 videbas
523 207 656 237 mortem
678 201 757 243 pati,
914 200 1057 233 Affectus
1083 201 1132 231 est
1156 198 1293 231 trinitati

288 255 405 295 Fulget
429 251 634 291 resurrecti03
964 248 1089 280 Favere
1113 247 1156 278 ad
1181 246 1302 286 omnia3

242 302 362 341 Gaude,
388 303 497 341 mater,
524 298 716 331 ascendente
919 295 1042 335 Gaude⁷
1067 297 1100 326 te
1124 294 1284 326 honorant
1310 293 1390 325 caeli

241 349 366 382 Christo
393 348 506 390 caelos,
532 349 565 378 te
589 345 718 377 vidente
919 343 1012 376 Cives
1037 341 1151 374 affectu
1175 340 1264 374 fideli

284 396 376 429 Motu
399 394 502 427 fertur
527 393 669 436 proprio.
962 390 1009 423 Et
1035 389 1249 424 oboedientia,

181 455 213 488 4.
240 451 452 494 Gaude,quod
462 449 786 491 postipsumscandis,
859 450 889 482 7.
918 449 1039 488 Gaude,
1068 447 1129 480 tibi
1152 447 1362 488 obsequentes

239 500 283 532 Et
307 502 355 531 est
378 499 478 531 honor
501 498 562 530 tibi
586 498 716 539 grandis
916 497 1036 529 Terrae
1062 500 1093 527 et
1119 495 1198 527 caeli
1223 494 1398 535 gaudentes

285 547 323 580 ln
349 546 426 579 caeli
451 546 590 586 palatia3
964 544 1099 576 Sumunt
1122 552 1181 583 per
1206 546 1240 574 te
1263 543 1424 583 praemia3

241 594 361 635 Gaude,
389 594 509 634 angelis
534 593 686 636 praelata,
917 591 1039 633 Gaude,
1065 592 1167 624 honor
1193 591 1280 622 cuius
1308 590 1426 622 crescit

240 641 390 674 Trinitati
415 641 594 681 proximata
917 639 1050 679 Semper
1074 643 1170 678 atque
1194 637 1289 670 finem
1315 638 1429 677 nescit,

285 688 448 729 Singulari
471 688 582 729 gratia.
963 686 1031 719 Nec
1054 686 1109 718 hic
1132 695 1192 718 nec
1214 685 1249 718 in
1273 685 1390 725 patria.

178 747 208 779 5.
236 745 360 786 Gaude,
384 745 485 787 virgo,
503 746 572 778 laus
592 748 785 784 cunctorum,
858 745 888 778 8.
914 744 1011 785 Ergo,
1040 752 1115 776 cara
1138 746 1240 775 mater
1264 742 1336 784 Dei,

237 793 341 834 Super
368 793 463 826 decus
488 793 672 833 angelorum
916 791 987 824 Duc
1011 800 1069 824 nos
1093 789 1283 823 reformatos
1304 791 1334 822 ei

283 840 400 881 Fulget
421 844 477 873 tua
501 840 621 883 gloria,
962 839 1016 872 Ad
1041 837 1125 871 festa
1149 837 1310 878 caelestia,

237 888 359 929 Gaude,
388 888 455 920 dies
481 892 516 919 ut
541 890 672 920 ornatur
917 887 982 920 Ubi
1008 886 1131 919 fructus
1156 886 1276 919 ventris
1301 885 1349 917 tui

237 935 320 978 Sole,
346 936 392 968 ita
412 936 604 968 iucundatur
915 935 979 967 Per
1003 937 1035 966 te
1055 934 1147 967 nobis
1175 935 1267 966 detur
1292 931 1357 965 frui

281 984 319 1016 In
344 986 378 1015 te
403 982 484 1015 caeli
508 982 606 1015 curia.
959 982 999 1015 In
1024 984 1155 1014 aeterna
1179 980 1308 1022 gaudia.

242 1047 330 1076 Scala
349 1047 424 1075 caeli
445 1055 520 1076 saec.
543 1045 588 1075 14.
609 1055 652 1075 ex.
685 1046 754 1075 Cod.
774 1047 898 1083 Pragen.
917 1047 992 1075 Xffl
1011 1048 1038 1075 E
1058 1044 1085 1075 3.

463 1140 530 1172 189.
568 1140 613 1172 De
634 1139 690 1171 VH
710 1139 837 1172 Gaudiis
858 1138 1048 1171 caelestibus
1068 1139 1156 1171 Bsuv.

179 1199 211 1232 1.
237 1199 358 1243 Gaude,
383 1199 462 1233 flore
482 1200 631 1240 virginali
855 1202 890 1235 4.
917 1201 1039 1240 Gaude,
1064 1210 1149 1233 nexu
1172 1201 1344 1233 voluntatis

238 1246 323 1285 Quae
347 1248 467 1281 honore
492 1248 644 1297 sffieciali
914 1248 959 1280 Et
983 1249 1132 1289 amplexu
1157 1248 1301 1281 caritatis

283 1295 513 1327 Transscendis
538 1295 769 1335 splendiferam
964 1297 1077 1329 Iuncta
1101 1297 1148 1328 sic
1170 1296 1337 1337 altissimo,

236 1342 429 1382 Angelorum
454 1343 667 1383 principatum
913 1344 961 1377 Ut
984 1344 1026 1376 ad
1050 1346 1158 1376 votum
1184 1344 1399 1384 consequaris,

235 1388 280 1421 Et
303 1393 481 1421 sanctorum
509 1391 690 1422 decoratum
913 1390 1074 1431 Quidquid
1098 1393 1201 1423 totum
1225 1391 1397 1430 postularis

284 1436 449 1478 Dignitate
472 1446 647 1470 numerum.
962 1439 993 1470 A
1016 1439 1090 1471 Iesu
1115 1438 1309 1472 dulcissimo,

180 1494 210 1525 2.
240 1492 360 1537 Gaude,
389 1502 463 1526 cara
486 1503 601 1534 sponsa
622 1494 694 1534 Dei,
856 1496 886 1528 5.
915 1494 1037 1534 Gaude,
1062 1499 1164 1527 mater
1188 1496 1388 1538 miserorum,

238 1540 319 1573 Nam
344 1544 380 1572 ut
405 1542 491 1573 clara
516 1542 571 1574 lux
598 1541 661 1574 diei
915 1543 994 1582 Quia
1018 1546 1111 1583 pater
1135 1544 1332 1576 saeculorum

288 1588 371 1621 Solis
395 1589 488 1620 datur
510 1589 638 1631 lumine,
960 1591 1062 1623 Dedit
1085 1594 1117 1622 te
1143 1592 1318 1624 colentibus

238 1634 291 1666 Sic
315 1639 350 1666 tu
373 1634 453 1668 facis
478 1636 586 1668 orbem
611 1645 686 1669 vere
917 1638 1150 1678 Congruentem
1175 1639 1229 1671 hic
1252 1640 1431 1671 mercedem

238 1681 325 1714 Tuae
349 1683 437 1722 pacis
463 1683 668 1724 resplendere
920 1685 962 1717 Et
985 1685 1159 1727 fulgentem
1183 1687 1250 1727 poli
1276 1688 1384 1719 sedem

285 1730 382 1761 Lucis
406 1730 613 1770 plenitudine.
965 1734 1097 1766 Sursum
1120 1735 1155 1767 in
1181 1735 1382 1768 caelestibus

183 1788 213 1820 3.
242 1785 362 1827 Gaude,
378 1787 548 1826 splendens
559 1798 615 1821 vas
625 1789 787 1831 virtutum,
858 1792 888 1824 6.
917 1789 1040 1832 Gaude,
1064 1791 1119 1831 pia
1142 1795 1245 1824 mater
1270 1793 1401 1833 Christi,

240 1834 335 1866 Cuius
359 1835 501 1874 pendens
527 1839 574 1867 est
599 1837 640 1868 ad
665 1839 775 1869 nutum
915 1837 991 1870 Sola
1015 1840 1089 1879 quia
1113 1840 1266 1883 meruisti,

285 1882 368 1913 Tota
393 1883 471 1914 caeli
495 1883 590 1922 curia,
963 1887 988 1919 O
1013 1887 1102 1927 virgo
1128 1886 1280 1929 piissima,

237 1928 283 1961 Te
308 1929 484 1970 benignam,
510 1933 543 1962 te
566 1930 691 1963 felicem
913 1932 996 1966 Esse
1016 1937 1124 1966 tantae
1148 1935 1324 1976 dignitatis,

237 1976 309 2009 Iesu
335 1977 460 2017 dignam
484 1979 675 2017 genetricem
915 1980 960 2012 Ut
983 1981 1026 2013 sis
1052 1986 1181 2014 sanctae
1206 1984 1359 2016 trinitatis

285 2024 445 2056 Venerans
468 2024 503 2056 in
528 2025 639 2066 gloria.
964 2029 1112 2062 Sessione
1135 2031 1291 2071 proxima.

522 2102 553 2133 ’7,
580 2101 702 2144 Gaude,
727 2113 844 2144 parens
868 2106 958 2145 virgo
982 2114 1074 2149 pura,

580 2148 674 2182 Certa
697 2159 827 2183 manens
852 2155 884 2184 et
907 2162 1028 2194 secura,

625 2197 715 2237 Quod
740 2199 819 2232 haec
841 2202 896 2233 tua
920 2202 1037 2241 gaudia

575 2245 649 2277 Non
665 2248 834 2280 cessabunt
851 2257 912 2281 nec
929 2249 1124 2294 decrescent,

578 2294 643 2327 Sed
669 2295 828 2327 durabunt
853 2299 885 2328 et
908 2296 1077 2331 florescent

626 2342 689 2376 Per
712 2347 843 2377 aeterna
865 2346 1000 2380 saecula.
