1651 2606
665 84 920 119 —-126—

530 187 560 219 7.
586 185 675 218 Haec
696 181 813 215 festiva
838 178 1003 219 conceptio

590 233 643 265 Fit
667 230 754 263 laeta
778 227 863 260 omni
886 226 1015 266 populo,

587 281 685 319 Quam
711 276 852 308 celebrat
876 283 946 305 cum
970 272 1086 313 gaudio

587 327 680 360 Nunc
702 325 735 356 in
760 321 922 364 praesenti
950 320 1087 353 saeculo.

586 376 656 407 Tua
678 373 749 404 laus
775 380 845 403 cum
870 369 972 410 gloria

586 422 726 455 Resonet
748 419 782 450 in
807 417 943 460 saecula,

584 469 704 501 Nostra
728 475 815 499 sume
839 465 978 505 suspiria

583 517 628 549 Et
653 517 694 549 da
717 514 813 547 beata
836 513 963 553 gaudia.

219 588 297 615 Orat.
318 594 370 614 ms.
392 584 577 613 Carthusian.
599 591 674 611 saec.
697 579 740 609 15.
772 580 841 609 Cod.
864 579 957 616 Capit.
977 579 1127 607 Treviren.
1153 573 1215 605 116.

560 675 614 706 119.
649 675 693 706 De
714 672 914 713 conceptione
934 670 1021 702 BMV.

355 738 443 771 Sicut
466 740 531 769 tres
556 744 672 777 pueros
696 734 851 767 Dominus
875 733 1018 773 protexit
1041 731 1081 763 ab
1105 731 1189 771 igne,

356 786 410 818 Sic
431 793 562 825 prorsus
585 788 720 816 matrem
743 780 870 815 macula
893 782 1082 821 praeservat
1105 779 1145 811 ab
1171 778 1267 818 omni,

350 834 396 866 Et
418 833 501 865 sicut
523 831 630 872 Moysi
653 830 751 863 rubus
776 831 892 862 ardens
915 837 979 861 non
1004 826 1067 860 fuit
1091 829 1190 865 ustus,

354 881 408 913 Sic
431 889 492 913 nec
516 879 689 920 primorum
717 877 802 910 vitiis
827 879 875 910 est
895 876 989 917 lapsa
1011 877 1190 915 parentum.

352 929 398 961 Ut
420 927 633 969 pungentibus
658 926 777 959 aculeis
801 934 866 957 nux
892 924 1001 956 clausa
1025 925 1142 964 tuetur,

354 976 408 1008 Sic
433 978 481 1007 est
506 984 525 1007 a
550 975 634 1006 vitiis
658 976 748 1006 utero
773 974 919 1012 protecta
942 970 1103 1012 parentis3

354 1025 400 1058 Ut
423 1032 497 1055 rosa
523 1022 562 1054 de
587 1022 687 1061 spinis
715 1020 862 1061 procedit
885 1028 950 1051 non
972 1019 1126 1058 lacerata,

354 1070 408 1103 Sic
433 1080 471 1102 ex
496 1069 623 1103 Iudaeis
649 1068 837 1109 producitur
860 1067 1072 1098 immaculata.

223 1138 301 1165 Orat.
323 1145 375 1164 ms.
397 1136 529 1164 Carthus.
552 1134 701 1162 Colonien.
722 1141 798 1160 saec.
821 1131 864 1160 15.
896 1131 964 1159 Cod.
987 1130 1138 1160 Colonien.
1159 1127 1205 1158 28.

583 1226 645 1258 120.
677 1225 720 1258 De
739 1223 912 1255 Nativitate
930 1223 1018 1255 BMV.

166 1302 195 1335 l.
221 1300 310 1342 Vale,
337 1299 425 1339 virgo
450 1297 560 1338 stirpis
584 1297 666 1337 piae,
836 1295 868 1327 4.
895 1295 920 1327 O
946 1294 1068 1333 Noemi,
1096 1294 1122 1325 si
1148 1293 1301 1333 novisses,

221 1348 319 1379 Porta
344 1346 459 1385 clausa,
485 1346 554 1377 laus
580 1344 721 1384 sophiae,
895 1341 930 1373 Si
953 1340 1097 1381 perfecte
1121 1341 1299 1381 didicisses,

222 1395 307 1433 Quae
332 1403 365 1426 es
390 1393 500 1424 sibilus
525 1392 627 1431 Eliae,
895 1390 987 1429 Quod
1013 1397 1052 1419 ex
1076 1391 1132 1420 tua
1158 1388 1322 1421 debuisses

269 1442 318 1475 Ibi
342 1449 456 1480 nempe
479 1439 650 1479 Dominus;
945 1436 1032 1468 Ruth
1055 1436 1152 1467 talem
1177 1436 1326 1475 accipere

223 1489 317 1521 Mons
342 1497 361 1520 a
384 1487 518 1519 Daniele
541 1486 635 1528 visus,
901 1483 1101 1524 Progeniem,
1129 1483 1273 1516 siluisses

220 1536 272 1568 De
295 1545 355 1577 quo
379 1535 462 1574 lapis
488 1536 536 1566 est
559 1534 692 1573 excisus,
898 1532 969 1564 Nec
992 1531 1132 1564 reditum
1156 1531 1312 1564 suasisses

223 1583 411 1616 Emmanuel
435 1581 600 1619 indivisus,
899 1579 1031 1611 Totiens
1054 1588 1114 1611 nec
1138 1579 1320 1613 intulisses:

271 1632 333 1663 Per
358 1638 449 1669 quem
472 1629 583 1662 mortis
607 1627 769 1662 terminus
945 1627 1041 1667 Filia,
1064 1630 1235 1660 revertere.

166 1691 198 1722 2.
224 1690 304 1727 Ave,
328 1686 444 1719 nebula
467 1685 634 1726 festinans,
842 1685 875 1719 5.
901 1685 989 1717 Ruth
1010 1684 1128 1716 meruit
1151 1687 1255 1716 mater
1280 1694 1350 1718 esse

227 1736 385 1769 Universa
409 1733 614 1774 medicinans,
901 1733 1002 1774 Obed,
1029 1732 1082 1772 qui
1106 1732 1215 1773 genuit
1239 1733 1338 1775 Iesse,

226 1783 319 1814 Vitae
343 1781 484 1822 praemia
508 1781 681 1821 propinans
901 1780 960 1819 Qui
984 1780 1102 1820 David,
1129 1782 1182 1821 qui
1206 1790 1305 1821 penes
1331 1790 1366 1814 se

271 1830 309 1862 In
332 1831 427 1870 partu
451 1837 636 1872 puerperae,
949 1828 1011 1860 Dei
1034 1837 1140 1860 semen
1166 1828 1288 1869 habuit,

225 1879 313 1911 Fons
338 1885 489 1916 aquarum
514 1876 694 1915 viventium,
904 1876 982 1909 Cum
1006 1877 1041 1908 in
1065 1878 1156 1908 utero
1179 1876 1307 1908 Mariae

227 1926 313 1958 Fons
337 1925 501 1956 hortorum
526 1922 689 1964 fertilium,
904 1925 999 1956 quta
1023 1932 1118 1955 voces
1141 1923 1335 1963 prophetiae

226 1973 379 2005 Nutriens
404 1980 510 2011 regem
535 1971 672 2003 omnium
905 1972 1018 2011 Isaiae,
1044 1971 1200 2003 Ieremiae

274 2018 433 2060 Virginali
458 2019 566 2052 ubere.
951 2017 1094 2051 Verbum
1120 2026 1247 2050 carnem
1271 2019 1388 2053 induit.

171 2081 201 2113 3.
229 2078 318 2119 Vale,
341 2076 460 2109 nardus
485 2075 634 2118 pretiosa,
849 2077 879 2108 6.
907 2076 1004 2116 Virgo
1031 2084 1186 2106 summum
1212 2078 1388 2109 creatorem

228 2127 314 2166 Quae
338 2133 371 2156 es
398 2126 500 2156 mater
524 2131 686 2163 generosa,
908 2123 1142 2163 Hominumque
1166 2122 1404 2163 redemptorem

228 2173 314 2213 Quae
339 2181 372 2204 es
397 2171 518 2203 Rachel
542 2171 686 2210 speciosa
909 2172 1006 2204 Suum
1030 2171 1131 2202 traxit
1153 2171 1187 2202 in
1213 2179 1351 2203 amorem

280 2221 398 2253 Verum
422 2217 539 2259 Ioseph
564 2218 702 2262 pariens,
959 2219 1056 2251 Casta
1080 2217 1339 2259 pulchritudine3

234 2269 293 2308 Qui
318 2276 375 2301 nos
401 2267 466 2299 vini
491 2265 561 2298 cibo
586 2267 686 2306 pavit,
911 2267 1009 2305 Quem
1035 2275 1151 2306 capere
1175 2266 1386 2305 nequiverunt

230 2317 271 2349 Se
294 2317 328 2348 in
351 2317 460 2355 potum
484 2313 678 2357 propinavit,
913 2314 1002 2346 Caeli
1028 2314 1177 2354 claustra,
1205 2314 1427 2349 concluserunt

232 2364 307 2396 Vita
329 2367 462 2396 mortem
487 2364 590 2394 morte
613 2361 729 2393 stravit
911 2361 1053 2402 Virginis
1078 2364 1111 2393 et
1134 2368 1352 2402 conceperunt

280 2413 341 2445 Pro
366 2411 492 2443 iniustis
516 2410 663 2443 moriens
961 2410 1037 2443 Sine
1063 2409 1126 2443 viri
1150 2409 1280 2442 semine.
