1651 2606
684 105 920 142 ...51-

584 207 627 240 41.
658 209 704 241 Ad
725 209 880 242 Christum
900 208 1015 242 Oratio.

161 286 191 319 1.
217 286 355 327 Adonai,
382 296 439 318 rex
466 288 615 327 omnium,
867 290 897 324 8.
925 291 1066 322 Virtutes
1091 289 1123 321 in
1149 299 1200 322 me
1223 292 1338 330 insere,

216 333 309 366 Salus
336 337 367 366 et
392 344 467 374 spes
492 334 645 376 fidelium,
926 337 1013 377 Quae
1036 338 1100 369 sint
1118 340 1268 379 acceptae
1286 347 1391 370 coram
1409 342 1449 381 te,

216 381 277 420 Qui
301 391 365 414 non
391 382 489 415 babes
514 383 640 415 initium
926 384 1045 424 Quibus
1069 385 1188 425 possim
1214 384 1370 425 proficere

217 429 259 461 Et
285 437 399 470 regnas
424 430 457 462 in
484 434 683 470 perpetuum,
926 433 970 464 Et
991 432 1023 463 in
1050 433 1130 465 bono
1156 432 1338 472 persistere.

159 498 191 529 2.
219 496 267 528 De
290 496 354 527 tuis
379 505 443 528 non
467 499 518 529 est
540 505 701 537 numeruS‚
868 500 901 531 9.
926 499 1021 531 Dona
1045 499 1160 531 donum
1185 499 1305 541 auxilii,

218 544 297 583 Rex,
324 544 591 587 miserationibus,
927 546 977 578 Sis
1002 546 1080 578 mihi
1104 555 1178 586 spes
1203 544 1330 589 refugii,

216 592 265 623 Tu
289 590 387 630 igitur
410 591 572 630 piissimus
926 594 1016 626 Inter
1039 592 1153 626 fluctus
1177 594 1270 626 huius
1295 594 1414 626 saeculi

218 638 301 671 Meis
327 639 438 670 adesto
464 638 624 680 precibus.
928 641 978 673 Ne
1002 650 1137 682 mergar,
1164 641 1240 673 mihi
1266 641 1409 673 subveni.

161 708 191 739 3.
219 707 357 746 Propter
381 708 467 737 tuam
494 705 691 737 clementiam
846 708 900 740 10.
926 708 1011 739 Tuos
1037 717 1132 748 super
1156 718 1207 740 me
1231 709 1351 747 oculos,

218 755 324 793 Atque
346 753 600 786 misericordiam
928 755 1005 798 Rex,
1033 756 1122 795 aperi
1147 755 1305 795 piissimos

218 801 268 833 Da
296 802 335 833 de
359 801 501 841 peccatis
529 802 651 834 veniam
926 802 971 834 Et
992 803 1084 835 mitte
1108 806 1234 835 sanctos
1260 802 1388 843 angelos

219 849 267 881 De
291 850 448 889 malisque
474 849 660 882 custodiam.
926 849 1032 882 Hodie
1056 850 1131 881 mihi
1158 851 1271 883 socios

161 918 191 949 4.
221 918 320 949 Parce
345 916 423 947 meis
450 916 637 948 criminibus
846 916 901 948 11.
928 916 1048 948 Libera
1071 924 1122 947 me
1146 916 1185 947 ab
1212 916 1351 948 hostibus

218 964 287 996 Nec
311 972 374 995 non
399 963 632 1003 iniquitatibus,
927 963 1078 1003 Malignis
1103 963 1311 1002 spiritalibus,

219 1011 278 1052 Qui
302 1011 409 1051 parcis
435 1009 682 1050 paenitentibus,
929 1011 980 1042 Ab
1004 1010 1121 1050 iniquis
1148 1010 1326 1042 hominibus

218 1059 297 1091 Esto
323 1058 401 1091 mihi
425 1058 594 1099 propitius
929 1060 957 1090 A
984 1059 1167 1097 cunctisque
1194 1057 1366 1091 doloribus.

162 1127 191 1159 5.
216 1126 304 1158 Erue
328 1134 379 1158 me
405 1134 424 1157 a
449 1125 552 1157 noxiis
851 1126 901 1157 12.
929 1125 1023 1157 Diem
1046 1124 1166 1166 largire
1190 1132 1390 1165 prosperum,

216 1173 261 1205 Et:
284 1174 393 1212 pravis
421 1172 600 1215 desideriis,
929 1173 1111 1205 Praesentis
1137 1172 1220 1204 vitae
1244 1172 1402 1215 gaudium,

220 1219 269 1252 Ab
297 1220 436 1252 hostium
461 1221 601 1262 insidiis⁷
928 1221 977 1252 Tu
1001 1220 1034 1251 in
1059 1229 1110 1252 me
1134 1220 1364 1259 insurgentium

218 1267 269 1300 Ab
294 1267 414 1300 inferni
439 1269 617 1309 suppliciis.
931 1269 1104 1307 Compesce
1129 1266 1237 1299 fauces
1262 1275 1410 1299 omnium.

166 1336 196 1368 6.
222 1335 272 1367 Da
296 1336 386 1373 mihi,
413 1334 650 1376 benignissime,
847 1336 901 1368 13.
929 1334 1015 1366 Audi
1040 1344 1111 1366 mea
1134 1334 1317 1373 precamina

219 1383 281 1415 Hic
305 1383 411 1415 locum
436 1383 666 1424 paenitentiae,
928 1382 1125 1422 Dimitteque
1149 1382 1342 1421 peccamina,

221 1430 410 1471 Priusquam
437 1431 477 1463 ab
505 1430 565 1462 hoc
591 1438 725 1469 corpore
927 1430 1086 1469 Fiantque
1112 1432 1225 1461 cuncta
1250 1430 1355 1461 omnia

219 1478 376 1519 Egressus
399 1477 459 1510 fiat
483 1479 618 1511 animae.
928 1478 991 1510 Per
1015 1480 1198 1509 sanctorum
1222 1475 1381 1517 suffragia.

162 1546 191 1579 7.
218 1545 354 1585 Facme,
366 1546 450 1586 quod
461 1546 598 1586 spernis,
609 1552 773 1584 spernere,
848 1545 900 1577 14.
928 1545 974 1576 Te
999 1544 1103 1575 Iesum
1129 1552 1225 1583 super
1250 1544 1355 1575 omnia

218 1593 308 1633 Quod
334 1593 454 1634 diligis,
481 1593 627 1634 diligere,
928 1593 997 1625 Fae
1021 1592 1150 1632 diligam
1175 1600 1234 1631 per
1257 1590 1396 1630 saecula,

217 1641 274 1673 Me
299 1642 421 1673 eunetis
447 1641 526 1673 locis
551 1644 693 1681 protege,
928 1640 972 1673 Ut
999 1648 1068 1671 cum
1094 1639 1212 1671 sanetis
1236 1638 1270 1669 in
1295 1637 1397 1678 gloria

219 1690 248 1721 A
274 1689 396 1721 cunetis
420 1690 514 1721 malis
543 1689 641 1729 eripe.
927 1688 997 1720 Tua
1021 1687 1148 1720 laudem
1172 1686 1341 1728 magnalia.

224 1774 293 1802 Ood.
322 1773 530 1803 Carolsruhan.
556 1773 680 1810 Augien.
712 1771 758 1801 36.
784 1780 859 1800 saec.
888 1769 962 1800 ¹⁴¹l15.
989 1786 1028 1791 —
1053 1769 1079 1806 8,
1106 1768 1124 1800 3
1151 1770 1297 1807 perficere.
1322 1783 1359 1788 —
1387 1767 1413 1803 9,
1444 1768 1457 1796 1

147 1812 234 1840 Dona
252 1812 325 1840 mihi
346 1814 464 1841 donum.
485 1826 523 1831 ——
545 1810 570 1847 9,
586 1809 604 1840 3
625 1812 690 1839 eine
704 1810 788 1839 Silbe
801 1820 838 1838 zu
851 1809 919 1838 viel.
941 1825 977 1829 —
1000 1807 1043 1844 12,
1057 1807 1076 1837 4
1097 1809 1255 1845 Compesce
1275 1808 1376 1836 faetor.

582 1963 632 1994 42,
663 1962 709 1993 A<l
732 1960 888 1994 Christum
910 1959 1028 1992 oratio.

150 2043 180 2076 1.
206 2045 252 2077 Te
277 2044 380 2076 Deum
405 2045 585 2085 laudamuS,
850 2044 881 2076 3.
910 2042 968 2080 Qui
995 2041 1146 2072 mandata
1170 2041 1249 2081 legis

267 2093 321 2133 qui
348 2100 477 2125 earnem
500 2091 647 2131 induisti,
953 2090 986 2121 in
1008 2089 1128 2128 templo
1155 2087 1300 2130 docuisti,

220 2141 279 2182 Qui
305 2141 357 2173 lac
381 2139 539 2180 virginale
906 2137 965 2178 Qui
992 2136 1088 2169 vitam
1114 2135 1291 2177 perfectam

265 2189 359 2222 homo
385 2186 489 2220 factus
517 2187 642 2231 suxisti,
955 2185 1100 2224 exemplo
1126 2183 1304 2216 ostendisti.

160 2257 191 2289 2.
218 2256 277 2297 Qui
302 2257 362 2291 sub
390 2264 467 2288 cura
491 2255 602 2287 matris
840 2256 872 2287 4.
902 2253 960 2293 Qui
988 2252 1086 2285 verba
1110 2251 1222 2284 salutis

264 2304 297 2337 in
322 2305 473 2339 maiorem
501 2303 640 2342 crevisti,
956 2300 1072 2333 mundo
1097 2298 1301 2340 proposuisti,

218 2353 278 2393 Qui
304 2361 424 2394 parvus
451 2354 483 2384 et
507 2352 610 2384 maior
909 2349 969 2389 Qui
991 2351 1024 2380 te
1050 2345 1169 2392 (ve])ut
1190 2345 1346 2378 hominem

265 2401 422 2435 miracula
448 2399 564 2443 fecisti,
957 2400 1116 2436 temptare
1140 2394 1323 2435 permisisti.

1250 2447 1291 2481 4..
