1651 2606
692 95 924 132 —47ffl

505 191 559 227 11.
587 193 663 226 Plus
686 202 793 226 amare
819 193 1052 235 comprobatur,

639 241 697 275 Cui
717 242 789 281 plus
814 241 983 274 dimittitur

584 288 629 321 Et
651 290 724 329 plus
749 299 858 321 amans
882 289 954 330 plus
980 292 1121 329 amatur3

637 335 725 369 Cur?
751 337 825 377 quia
848 336 1025 381 redimitur,

583 383 676 423 Nam,
703 385 787 423 quod
813 392 885 416 care
911 387 1122 426 comparatur,

635 430 745 462 Carius
772 431 925 472 diligitur.

150 493 310 560 EcclOgssg
336 503 389 522 ms.
415 495 528 522 Domus
557 496 661 523 Novae
686 496 776 524 Lucis
808 498 878 524 anni
906 494 988 525 1477.
1031 496 1099 525 Ood.
1127 497 1312 526 Ultraiectin.
1340 496 1458 533 Scriptt.

582 605 632 638 35.
666 606 713 637 Ad
733 606 890 639 Christum
911 607 1030 639 Oratio.

165 664 195 696 1.

222 665 304 705 Iesu,
335 665 435 697 virtus
463 665 600 709 deitatis,

271 712 377 745 Patris
402 713 569 754 sapientia,

222 758 270 791 Tu
297 768 329 792 es
357 760 471 792 dextra
493 761 680 802 maiestatis,

272 807 337 839 Par
359 808 447 847 patri
471 809 626 850 potentia,

222 853 347 887 Auctor
376 856 605 897 universitatis,

270 902 342 934 Rex
369 905 401 934 et
422 911 537 943 regens
563 905 678 938 omnia.

188 983 196 991 .
224 958 273 990 Tu
300 968 332 991 es
358 960 512 999 splendor
538 963 570 991 et
593 960 695 1000 figura

271 1007 430 1039 Paternae
455 1007 665 1047 substantiae,

223 1053 364 1087 Verbum
390 1053 510 1086 factum
536 1063 610 1087 earo
638 1063 729 1095 pura,

272 1101 392 1135 Carens
419 1102 523 1134 carnis
549 1103 643 1145 carie,

221 1148 266 1181 Et
291 1151 417 1181 creator
440 1152 586 1182 creatura

269 1196 322 1228 Ex
345 1196 454 1229 David
478 1198 641 1238 progenie.

188 1278 194 1285 .
221 1253 270 1285 Tu
295 1262 328 1286 es
353 1254 440 1287 mitis
466 1257 499 1286 et
522 1263 662 1297 severuS,

269 1301 420 1343 Humilis,
447 1301 629 1343 altissimus,

222 1350 334 1389 Agnus
358 1349 456 1387 mitis,
482 1349 532 1382 leo
558 1348 656 1392 ferus,

270 1395 416 1428 Clemens
444 1394 504 1441 [et]
531 1396 734 1437 iustissimus,

220 1444 308 1476 Deus
332 1442 436 1485 fortis,
463 1444 556 1476 homo
583 1454 688 1485 veruS,

267 1492 386 1524 Potens
412 1494 446 1525 et
469 1492 640 1532 piissimus.

189 1574 197 1582 .
223 1548 272 1581 Tu
299 1557 331 1581 es
356 1548 455 1582 iudex
479 1549 620 1592 pietatis,

269 1595 356 1629 Fons
381 1599 489 1629 tamen
516 1596 711 1637 clementiae,

221 1644 309 1676 Deus
337 1642 441 1686 fortis,
469 1647 580 1676 auctor
604 1644 703 1688 pacis,

270 1692 341 1724 Rex
367 1694 474 1724 tamen
497 1692 648 1731 iustitiae,

220 1739 352 1774 Vindex
377 1740 479 1772 iustus
504 1740 685 1781 pravitatis,

271 1788 361 1820 Vena
386 1791 493 1820 tamen
518 1789 639 1821 veniae.

185 1870 191 1876 .
220 1846 269 1878 Tu
296 1854 329 1877 cs
354 1853 457 1878 novae
480 1845 565 1877 lator
590 1845 670 1886 legis

264 1892 309 1925 Et
333 1893 472 1934 largitor
497 1893 626 1936 veteris,

218 1942 288 1974 Rex
315 1944 346 1973 et
370 1943 465 1973 natus
491 1941 606 1973 summi
630 1941 715 1982 regis

263 1989 473 2022 Descendens
500 1990 541 2021 dc
565 1989 701 2032 superis,

218 2039 316 2072 Ovem
341 2038 384 2070 ad
410 2037 494 2071 ovile
519 2037 624 2078 gregis

267 2085 447 2127 Reportans
473 2086 508 2117 in
534 2086 663 2118 umeris.

159 2145 191 2178 6.
217 2145 242 2177 Ο
268 2143 395 2183 peccati
416 2142 604 2183 paenitudo,

264 2192 385 2224 Reatus
411 2191 600 2231 remedium,

215 2241 265 2273 Tu
290 2238 411 2272 erroris
429 2239 602 2278 rectitudo,

263 2287 394 2321 Doloris
420 2285 589 2328 refugium,

213 2338 264 2370 Tu
286 2335 404 2369 amoris
428 2335 608 2377 plenitudo,

260 2384 400 2418 Pudoris
424 2383 606 2420 conubium,

873 670 903 703 7.
930 669 978 701 Tu
1004 677 1036 700 es
1062 669 1150 710 pacis
1171 669 1342 711 gratitudo,

852 1550 904 1584 10.

849 1846 903 1879 11.

849 2143 903 2178 12.

977 716 1115 749 Timoris
1140 717 1271 757 iustitia,

931 763 980 795 Tu
1001 764 1035 795 in
1059 765 1112 797 via
1134 763 1299 808 fortitudo,

978 811 1157 844 Praemium
1183 812 1217 844 in
1238 812 1356 854 patria,

932 858 1119 891 Sanctorum
1144 859 1319 899 beatitudo,

977 905 1172 945 Angelorum
1197 906 1308 946 gloria.

899 986 905 994 .
931 961 980 993 Tu
1006 970 1039 993 es
1064 962 1143 1003 legis
1169 962 1344 1005 plenitudo,

982 1008 1112 1041 Gratiae
1136 1011 1172 1041 tu
1195 1009 1337 1052 largitas,

933 1055 1028 1088 Fidei
1052 1059 1087 1088 tu
1112 1054 1277 1095 fortitudo,

979 1104 1029 1136 Tu
1054 1104 1123 1144 spei
1147 1102 1360 1145 profunditas,

934 1151 1083 1183 Caritatis
1107 1151 1253 1191 latitudo,

979 1198 1051 1239 Via,
1076 1199 1151 1238 vita,
1178 1199 1306 1231 veritas.

897 1281 904 1288 .
930 1255 977 1287 Te
1002 1255 1112 1296 adoro,
1137 1255 1181 1287 mi
1207 1258 1341 1296 creator,

980 1304 1049 1335 Tuo
1074 1302 1177 1335 factus
1202 1302 1339 1341 numine,

932 1350 979 1382 Te
1003 1350 1160 1390 collaudo,
1186 1350 1357 1388 mediator,

982 1397 1077 1430 Cuius
1102 1406 1199 1429 vocor
1225 1397 1360 1436 nomine,

931 1445 977 1476 Te
1002 1445 1116 1487 saluto,
1142 1444 1186 1476 mi
1211 1445 1363 1484 salvator,

979 1493 1116 1532 Emptus
1142 1494 1196 1525 tuo
1222 1491 1383 1533 sanguine.

933 1549 1037 1589 Salve,
1065 1549 1113 1581 fili
1137 1549 1208 1590 Dei,
1234 1549 1333 1589 Deus,

981 1597 1141 1638 Splendor
1160 1599 1314 1637 paternae
1330 1595 1460 1636 gloriae,

933 1646 1008 1677 Vita
1032 1654 1111 1689 mea,
1138 1645 1229 1677 Deus
1253 1653 1351 1684 meus,

978 1693 1080 1725 Amor
1105 1694 1137 1724 et
1160 1692 1302 1728 deliciae,

932 1740 1006 1772 Tibi
1030 1740 1152 1780 laudes,
1178 1741 1256 1772 licet
1280 1747 1363 1778 rcus,

981 1788 1125 1821 Cantabo
1149 1788 1275 1821 cotidie.

930 1847 1011 1886 Ave,
1041 1844 1117 1886 fuga
1138 1844 1352 1886 tenebrarum,

978 1894 1050 1926 Lux
1076 1892 1152 1926 solis
1179 1898 1211 1925 et
1231 1893 1382 1934 siderum,

930 1942 1013 1981 Iesu,
1039 1942 1125 1973 salus
1151 1941 1337 1982 animarum,

978 1989 1145 2022 Medicina
1169 1989 1334 2028 scelerum,

931 2039 968 2070 In
994 2038 1055 2070 hac
1078 2037 1163 2070 valle
1187 2037 1391 2069 lacrimarum

978 2085 1116 2125 Respice
1140 2094 1191 2116 me
1215 2084 1375 2116 miserum.

929 2144 1024 2182 Vale,
1049 2143 1104 2175 via
1127 2141 1302 2185 beatorum,

979 2191 1063 2233 Iesu,
1089 2188 1179 2231 pacis
1200 2189 1291 2230 visio,

930 2238 992 2273 Via
1014 2238 1111 2279 vitae,
1137 2247 1210 2279 spes
1234 2237 1395 2276 lapsorum

978 2287 1023 2319 Et
1048 2295 1156 2319 eorum
1181 2283 1369 2326 redemptio,

932 2335 986 2368 Ad
1010 2338 1042 2367 te
1066 2335 1164 2368 miser
1188 2336 1390 2373 peccatorum

979 2382 1068 2417 Mole
1091 2390 1221 2425 pressus
1244 2379 1340 2425 fugio.
