1651 2606
688 69 943 105 —174—

184 172 216 206 3.
243 172 319 206 Cum
344 172 535 214 propinquat
559 171 677 202 eminus
858 166 889 198 5.
913 165 1109 198 Reversatur
1131 163 1247 195 iterum

287 224 410 261 tempus
434 219 600 260 passionis,
962 220 1070 244 mucro
1090 210 1287 251 pungitivuS,

238 268 420 301 Renovatur
447 265 561 307 virgini
914 260 1030 300 Fitque
1061 259 1151 291 cordi
1175 257 1310 297 virginis

283 323 391 347 mucro
417 313 579 354 Simeonis,
962 307 1053 339 dolor
1079 305 1287 338 disiuncfivus

237 363 346 396 Verba
369 362 483 393 dantur
507 361 634 390 mutuae
914 354 1065 395 Corporis
1090 356 1123 385 et
1147 353 1282 394 animae,

285 408 512 450 valedictionis,
961 404 1055 435 natus
1084 401 1242 442 genitivus

238 457 321 489 Dum
344 456 385 487 ad
410 464 488 495 opus
513 453 673 485 hominum
914 451 999 483 Dum
1023 458 1082 490 per
1105 450 1240 481 mortem
1265 447 1399 486 tollitur,

282 504 308 535 it
330 501 565 542 redemptionis
962 499 1057 531 datur
1079 496 1260 537 adoptivus

181 591 213 622 4.
238 589 320 621 Dum
348 597 420 619 caro
445 587 588 629 virginea
857 587 889 619 6.
917 585 1066 617 Continet
1089 584 1122 615 in
1147 582 1267 624 gremio

281 635 349 668 nati
371 633 558 675 flagellatur,
960 635 1062 664 morte
1088 631 1299 663 deformatum

235 683 394 721 Caeditur,
420 682 613 723 conspuitur,
912 680 1028 717 Mater,
1055 688 1148 719 quem
1172 680 1362 718 cognoverat

281 731 416 770 ridetur,
442 730 574 772 velatur,
962 727 1138 768 speciosum
1165 728 1284 766 natum,

234 778 384 818 Operitur
408 785 559 820 purpura,
915 774 1066 808 Manibus
1091 773 1241 815 virgineis

279 825 379 866 spinis
405 827 582 866 coronatur,
962 824 1082 855 tractat
1106 822 1316 862 vulneratum,

232 873 353 906 Videns
377 873 457 904 haec
483 872 659 904 castissima
910 871 968 903 Fit
993 879 1047 902 cor
1072 870 1139 902 eius
1166 869 1268 902 denuo

277 923 379 952 mater
405 920 621 952 contristatur.
962 917 1058 951 valde
1084 916 1317 949 contristatum.

514 1006 544 1037 7.
571 1004 661 1037 Hora
686 1004 884 1045 completorii

623 1055 671 1084 est
696 1052 889 1084 credendum
915 1060 999 1094 vere,

572 1099 668 1141 Virgo
691 1103 794 1131 mater
817 1099 946 1132 Domini

623 1148 697 1187 quia
722 1147 827 1187 coepit
849 1145 927 1179 flere

572 1194 687 1236 Magis,
712 1195 797 1235 quod
821 1203 886 1227 non
908 1195 1002 1226 licuit

619 1244 776 1275 mortuum
800 1245 918 1283 tenere,

573 1289 672 1329 Quam
698 1290 783 1329 quod
806 1290 896 1331 prius
922 1289 1031 1322 debuit

620 1338 746 1369 vivente
772 1345 891 1369 carere.

244 1432 324 1460 Orat.
347 1440 399 1458 ms.
422 1432 568 1459 Francisc.
588 1432 739 1459 Monacen.
760 1439 836 1459 saec.
859 1428 902 1457 15.
924 1430 994 1458 Clm.
1014 1430 1168 1459 Monacen.
1189 1429 1273 1459 9084.

566 1617 625 1649 169.
657 1619 700 1649 De
719 1618 775 1649 VH
794 1617 960 1651 Doloribus
982 1619 1066 1650 BMV.

183 1716 213 1748 1.
241 1715 359 1748 Christi
383 1717 493 1748 matris
519 1716 653 1748 animam
856 1719 889 1752 4.
915 1718 1053 1758 Tertius,
1082 1728 1152 1751 cum
1177 1719 1285 1752 triduo

285 1763 407 1795 vicibus
433 1766 465 1795 et
484 1763 571 1796 horis
962 1767 1065 1799 Iesum
1092 1767 1227 1799 amisisti

240 1810 385 1850 Septenis
408 1811 593 1852 pertransiit
914 1814 953 1846 In
980 1815 1145 1846 doctorum
1168 1815 1273 1848 medio

285 1858 409 1898 gladius
435 1858 563 1891 doloris,
963 1870 1097 1901 eumque
1119 1863 1280 1896 invenisti.

182 1947 213 1980 2.
239 1945 294 1982 Te,
321 1944 436 1986 Maria,
462 1945 586 1985 gladius
858 1949 889 1979 5.
918 1948 1066 1991 QuartuS,
1094 1957 1164 1981 cum
1187 1949 1220 1980 in
1245 1951 1363 1990 spiritu

288 1992 405 2025 doloris
430 1992 581 2032 anxiavit,
963 1996 1061 2027 scires
1087 1998 1244 2038 captivari

239 2041 337 2080 Quem
361 2039 395 2071 in
419 2041 537 2080 templo
562 2039 688 2073 Simeon
916 2042 1022 2075 Iesum
1047 2040 1167 2090 [atque]
1194 2045 1339 2092 vinculis,

286 2089 421 2128 primum
446 2086 660 2128 prophetavit.
965 2091 1077 2132 sputis,
1103 2091 1212 2134 flagris
1239 2095 1320 2129 dari.

180 2176 210 2208 3.
238 2174 411 2213 Secundus,
442 2183 510 2205 cum
535 2175 662 2213 parvuli
861 2177 891 2209 6.
918 2177 1060 2221 Quintus,
1090 2188 1159 2212 cum
1183 2180 1217 2213 in
1242 2182 1348 2214 medio

286 2221 473 2255 Bethlehem
497 2224 651 2254 necantur
967 2227 1126 2259 latronum
1148 2229 1342 2268 pendentem

239 2270 284 2302 Et
307 2279 365 2310 per
389 2272 506 2301 matres
531 2267 653 2302 flebiles
921 2272 1113 2307 crucifixum
1140 2285 1286 2309 cerneres

288 2326 366 2351 voce
392 2317 608 2358 deplorantur.
967 2324 1062 2363 atque
1085 2325 1284 2357 morientem·
