1653 2608
658 107 706 115 a.—

141 184 193 218 13.
222 183 345 226 Gaude,
371 196 444 218 nam
471 195 541 219 cum
565 189 682 230 gaudio

270 232 371 265 filium
395 235 522 267 vidistis

222 280 272 312 Tu
298 284 331 313 et
353 281 482 323 Ioseph,
512 283 649 322 domina,

272 329 346 361 dum
372 329 458 362 1111110
480 330 647 364 invenistis

223 375 262 408 In
287 377 408 418 templo
433 380 508 420 post
532 380 684 418 triduum,

271 433 408 465 namque
433 426 634 466 quaerebatis

225 470 335 511 Ipsum
359 473 449 512 prius
474 473 604 505 nimium

273 522 369 561 atque
395 521 562 555 dolebatis.

146 576 200 610 14.
229 575 351 619 Gaude,
374 577 610 619 benignissima,

271 634 343 657 nam
371 630 463 657 erant
486 625 643 657 laetantes

227 673 283 704 Ad
307 673 457 705 honestas
479 674 609 713 nuptias

271 720 366 752 simul
392 721 609 763 convivantes,

222 767 349 808 Aquam
377 768 452 800 dum
476 771 646 809 praesente
670 772 703 801 te

270 816 304 847 in
329 815 438 849 vinum
463 817 608 849 mutabat

225 862 382 902 ChristuS,
411 865 472 896 vim
499 864 644 897 deificam

271 911 318 943 510
341 911 577 946 manifestabat.

141 965 197 1002 15.
225 967 339 1001 Gaude
362 968 424 1001 hac
448 970 581 1013 laetitia,

272 1026 343 1057 qua,
371 1025 441 1049 cum
467 1018 634 1057 superavit

221 1064 372 1104 Mortem,
399 1072 532 1105 surgens
554 1064 639 1097 filius

269 1114 302 1143 te
325 1110 524 1152 laetificavit,

221 1158 351 1192 Amicos
377 1159 417 1191 ab
441 1158 555 1192 inferis

270 1215 344 1239 suos
370 1208 529 1240 educebat

221 1253 267 1285 Et
290 1257 454 1287 aeternam
478 1255 612 1298 gloriam

270 1302 315 1335 eis
342 1302 536 1336 conferebat.

140 1358 196 1394 16.
222 1359 248 1391 O
275 1360 373 1393 arbor
397 1358 570 1398 odorifera,

268 1406 408 1440 fructum
439 1408 580 1450 edidisti,

217 1454 283 1488 Per
307 1464 401 1496 quam
426 1464 580 1488 summum
605 1455 728 1495 apicem

268 1506 302 1535 tu
328 1504 535 1546 acquisivisti,

219 1550 271 1584 Ab
296 1551 414 1584 inferni
440 1554 573 1592 protege

266 1608 319 1631 me
345 1599 455 1632 dolore
478 1599 576 1642 tristi,

220 1645 293 1679 Duo
317 1648 360 1680 ad
385 1648 493 1680 lumen
519 1648 671 1680 caelicum

265 1703 328 1736 me,
355 1704 373 1727 o
398 1699 502 1728 mater
528 1695 657 1730 Christi.

755 87 822 126 197
872 109 915 118 *⁶—

827 189 882 224 17.

825 579 880 613 18.

826 970 880 1003 19.

825 1362 880 1394 20.

909 188 1021 222 Gaude
1046 197 1082 221 eo
1105 189 1230 231 gaudio,

955 246 1015 277 quo
1043 245 1097 269 cor
1121 237 1308 271 movebatur

907 285 1021 326 Tuum,
1046 284 1136 317 Iesus
1164 284 1308 317 dominus

956 333 1029 365 dum
1056 331 1240 365 elevabatur

905 380 959 412 Ad
983 382 1148 421 paternam
1176 380 1350 420 dexteram,

955 428 1040 468 quod
1065 431 1100 460 tu
1124 428 1277 469 aspexisti

908 473 986 507 Cum
1011 476 1130 508 sanctis
1156 475 1308 515 apostolis

955 526 985 555 et
1010 522 1095 555 laeta
1118 523 1239 558 vidisti.

909 578 1030 618 Gaude,
1057 590 1130 612 nam
1155 580 1277 612 laetitia

955 637 1069 669 magna
1094 627 1302 669 replebantur

908 675 1043 708 Orantes
1071 676 1229 716 discipuli,

957 724 1031 756 dum
1055 723 1299 756 illustrabantur

906 770 1011 804 Radio
1035 771 1186 811 paracliti

956 828 1008 851 eos
1036 818 1236 852 confortante

907 865 952 898 Et
975 867 1033 899 hos
1057 867 1091 898 in
1115 867 1298 907 praesentia

953 916 1008 946 tua
1034 915 1226 947 consolante.

908 969 1031 1009 Gaude,
1059 971 1138 1002 caeli
1163 970 1300 1012 domina,

955 1027 1027 1050 nam
1053 1026 1111 1049 rex
1136 1018 1330 1059 angelorum,

905 1065 1006 1106 105115,
1031 1067 1104 1097 tuus
1128 1064 1224 1105 filius,

955 1122 1026 1146 cum
1052 1116 1143 1145 coetu
1167 1116 1348 1145 sanctorum

906 1160 977 1193 Tibi
1004 1160 1092 1194 venit
1117 1160 1242 1193 obviam

954 1212 1049 1249 teque
1072 1209 1256 1241 sublimavit

906 1255 945 1288 111
970 1256 1137 1288 caelestem
1162 1256 1301 1296 patriam

955 1307 1050 1345 atque
1075 1304 1248 1337 coronavit.

907 1360 1004 1393 Alma
1021 1360 1084 1394 Dei
1109 1361 1264 1401 genetrix,

953 1409 1044 1450 virgo
1070 1409 1139 1441 sine
1163 1409 1244 1453 pari,

905 1456 936 1488 A
961 1456 1082 1489 cunctis
1107 1456 1259 1498 periculis

952 1509 1027 1544 peto
1052 1504 1194 1543 liberari,

906 1551 945 1583 In
969 1560 1109 1594 superna
1132 1552 1240 1593 patria

953 1609 1004 1632 me
1028 1598 1081 1632 fac
1105 1600 1272 1641 gratulari,

905 1647 971 1680 Ubi
995 1657 1122 1688 semper
1146 1648 1269 1681 valeam

951 1696 1054 1729 Deum
1080 1697 1298 1737 contemplari.

201 1770 255 1798 Off.
275 1780 330 1799 ms.
350 1771 385 1799 B.
404 1772 520 1800 Mariae
538 1773 573 1800 V.
601 1780 657 1801 500.
683 1781 768 1801 11511111
789 1774 940 1801 Romanae
966 1774 1065 1801 curiae
1093 1781 1167 1801 saec.
1191 1771 1234 1800 15.
1274 1772 1342 1801 Cod.
1362 1773 1436 1801 Ros-

121 1810 195 1837 sian.
210 1809 285 1838 VH]
303 1807 350 1838 37.
370 1825 408 1829 —
429 1809 455 1846 5,
469 1809 490 1839 4
508 1812 602 1838 mater
621 1810 702 1839 fehlt.
715 1826 755 1830 ——
774 1809 801 1846 8,
815 1810 835 1839 4
853 1812 910 1840 tibi
923 1819 977 1848 par
992 1811 1074 1840 fehlt.
1089 1827 1125 1832 -ι
1140 1810 1166 1846 8,
1182 1810 1199 1839 7
1214 1820 1232 1839 a
1245 1813 1384 1848 peccatis.
1398 1825 1435 1830 —-

120 1845 146 1882 9,
172 1845 191 1876 3
217 1848 321 1876 fuerat.
348 1864 386 1869 —
413 1848 439 1885 9,
460 1849 479 1877 4
508 1849 583 1877 caeli
603 1849 746 1877 liberator
765 1850 878 1878 beat-us.
899 1864 937 1869 —
959 1848 1002 1886 11,
1025 1847 1043 1878 3
1064 1859 1194 1886 puerum.
1215 1865 1253 1869 —
1276 1847 1319 1884 12,-
1341 1847 1359 1878 3
1379 1849 1435 1878 Νο1

119 1886 183 1914 fios.
208 1901 246 1906 -—
276 1885 323 1922 14,
350 1886 367 1916 5
392 1888 509 1924 Aquam
536 1888 572 1916 de
598 1891 753 1925 praesente
771 1889 926 1917 Dominus.
957 1904 993 1909 —
1023 1886 1068 1917 17.
1090 1887 1107 1916 5
1128 1889 1277 1917 dexteram
1296 1888 1377 1916 fehlt.
1399 1902 1437 1907 —-

123 1923 167 1960 17,
194 1923 212 1954 8
236 1925 339 1954 vidisti
364 1926 446 1955 fehlt.
474 1941 512 1946 —-
543 1924 585 1962 18,
607 1926 624 1955 5
649 1927 754 1955 Radix.
776 1942 814 1946 —
836 1925 880 1963 18,
903 1925 921 1955 6
942 1928 1148 1956 confortantes.
1169 1943 1207 1948 —
1230 1925 1274 1962 18,
1295 1924 1313 1954 8
1334 1936 1436 1955 conso-

119 1963 226 1993 lantes.
247 1979 287 1983 —
309 1963 354 2001 20,
376 1963 394 1992 2
414 1967 479 1995 sine
498 1969 594 2002 partu.

220 2077 282 2111 188.
314 2078 358 2110 De
378 2077 433 2109 Vll
457 2077 585 2110 Gaudiis
606 2078 685 2110 BMV
705 2078 916 2111 terrestribus
937 2079 969 2110 et
988 2077 1120 2111 totidem
1142 2078 1339 2111 caelestibus.

132 2152 163 2185 1.
191 2150 317 2191 Gaude,
341 2149 445 2192 virgo,
467 2153 571 2182 mater
596 2151 726 2194 Christi,

189 2200 277 2240 Quae
301 2207 360 2239 per
381 2208 490 2231 aurem
517 2198 691 2240 concepisti

238 2246 391 2280 Gabriele
414 2246 527 2280 nuntio
537 2257 545 2287 3

188 2296 310 2340 Gaude,
339 2304 420 2337 quae
445 2306 465 2329 a
488 2295 559 2329 Deo
584 2296 680 2336 plena

188 2344 350 2385 Peperisti
375 2345 445 2377 sine
468 2353 573 2387 poena

236 2393 314 2426 Cum
340 2393 474 2435 pudoris
500 2393 579 2427 lilio.

817 2152 851 2184 2.
878 2150 1001 2194 Gaude,
1029 2151 1114 2191 quod
1138 2153 1204 2183 tres
1227 2151 1309 2182 dona
1325 2148 1435 2181 ferunt

874 2199 970 2242 Nato,
998 2208 1091 2241 quem
1117 2199 1333 2231 adoraverunt

921 2248 960 2280 111
985 2247 1073 2280 felici
1098 2246 1217 2288 gremio
1228 2254 1236 2287 3

877 2295 999 2341 Gaude,
1026 2296 1126 2336 virgo,
1153 2295 1374 2335 praesentatus

876 2345 940 2378 Per
964 2348 996 2377 te
1023 2343 1108 2386 quod
1133 2344 1182 2374 est
1208 2344 1280 2374 tuus
1306 2344 1399 2374 natus

921 2393 1016 2433 Legis
1041 2390 1233 2424 testimonio.
