1653 2608
140 191 197 223 31.

138 526 194 558 32.

139 851 194 883 33-

141 1175 196 1208 34.

137 1829 192 1860 36.

140 2157 195 2189 37.

667 93 903 133 ...79-

222 190 314 223 Tunc
338 191 460 225 Pilatus
484 194 698 235 apprehendit

269 239 312 271 Et
337 237 480 280 flagellat
502 241 683 282 Dominum,

219 286 329 319 Turba
354 296 447 327 quem
469 290 512 322 ad
535 289 596 321 hoc
611 290 756 323 incendit

266 335 441 376 Impiorum
467 337 639 379 hominum,

219 382 285 414 Eos
310 383 385 423 quia
409 385 617 424 reprehendit

265 429 310 462 Et
334 432 442 471 arguit
467 432 643 465 criminum.

220 524 344 557 Milites
369 528 469 558 totam
497 526 659 559 cohortem

266 573 391 605 Vocant
415 575 456 605 ad
483 576 701 614 spectaculum

219 620 429 661 Purpuraque
454 630 560 663 regem
587 621 703 654 fortem

272 669 423 712 induunt,
452 670 506 709 qui
531 671 692 702 saeculum

223 715 377 749 Condidit
410 725 470 748 nec
494 718 596 757 ipsam
623 721 755 750 mortem

271 764 372 796 Pavet
395 773 455 796 nec
479 765 667 805 periculum.

222 850 267 881 Et
293 859 442 883 coronam
467 854 541 892 post
567 852 607 883 de
632 851 733 892 spinis

267 898 346 930 Eius
371 907 464 931 sacro
491 899 589 939 capiti

221 945 380 988 Plectunt,
408 947 496 978 cuius
523 947 613 987 regni
636 946 709 979 finis

270 993 386 1025 Nullus
413 997 471 1035 est,
498 994 555 1026 sed
582 995 687 1026 additi

223 1040 304 1072 Sunt
328 1044 438 1082 gentes
466 1050 535 1074 cum
564 1041 727 1082 inquilinis

269 1088 310 1120 Ei
336 1092 410 1129 post
435 1098 473 1121 ao
497 1089 629 1122 subditi.

224 1174 267 1207 Et
292 1175 326 1206 in
354 1175 468 1207 dextra
492 1184 552 1215 pro
578 1175 679 1214 regali

270 1223 405 1263 Soeptro
433 1223 512 1255 dant
536 1223 724 1255 arundinem

221 1270 400 1302 Illudentes
426 1271 510 1303 servi
536 1270 623 1308 mali,

269 1318 303 1350 Si
327 1327 418 1350 suam
443 1317 646 1350 formidinem

221 1365 446 1407 Monstrasset‚
473 1366 506 1397 in
532 1365 661 1396 animali

268 1413 467 1452 Reliquisset
490 1412 658 1445 neminem.

164 1523 194 1533 .,
218 1500 301 1542 Ave,
326 1502 412 1537 tunc,
439 1508 498 1532 rex
522 1498 724 1538 Iudaeorum,

269 1547 472 1580 Incurvando
498 1555 600 1588 genua

220 1595 341 1628 Dicunt
364 1594 522 1636 iuriendo‚
544 1603 678 1633 quorum

269 1644 322 1677 Ad
350 1651 449 1683 regna
473 1645 631 1683 perpetua

220 1692 383 1731 Quosdam
410 1693 505 1723 vocat
529 1690 693 1722 illusorum

267 1740 311 1772 Et
335 1740 376 1772 ad
402 1748 526 1771 morum
552 1738 663 1770 ardua.

220 1826 265 1858 Et
289 1825 393 1867 alapis
420 1826 548 1867 quidam
576 1825 654 1857 dare

269 1875 307 1907 In
333 1874 423 1915 genis
446 1873 597 1915 virgineis

221 1923 364 1964 Audent‚
392 1922 435 1954 ad
460 1930 539 1962 quas
565 1921 720 1953 anhelare

267 1972 305 2004 In
330 1970 435 2003 hortis
463 1973 496 2002 et
519 1969 622 2001 vineis

218 2020 308 2052 Solet
332 2028 461 2060 sponsa,
488 2027 559 2050 cum
586 2018 705 2050 cubare

272 2068 352 2100 Vult
374 2066 408 2098 in
434 2067 545 2099 stratis
571 2067 682 2100 roseis.

221 2155 265 2186 At
292 2154 325 2185 in
353 2152 474 2185 vultum
501 2152 680 2192 speciosum

269 2203 353 2235 Prae
379 2199 456 2231 filiis
482 2199 644 2232 hominum

219 2250 356 2291 Sputum
381 2247 438 2280 alii
464 2255 634 2279 caenosum

268 2298 396 2330 laciunt
418 2298 452 2327 et
476 2294 646 2327 Dominum

221 2346 319 2389 Caeli,
347 2348 456 2377 terrae
482 2341 654 2383 gloriosum

264 2394 398 2428 Ludunt
423 2394 518 2432 atque
543 2388 717 2422 fluminum.

828 196 883 230 38.

830 529 884 561 39.

829 852 885 885 40.

828 1176 885 1207 41.

831 1498 886 1530 42.

832 1823 888 1856 43.

834 2150 890 2182 44.

912 195 1017 235 Caput
1041 202 1166 226 sacrum
1192 191 1389 232 perforatum

956 243 1124 283 spinarum
1150 241 1304 284 acumine,

908 291 1109 330 Laceratum,
1136 291 1335 321 cruentatum

954 337 1089 370 Feriunt
1112 336 1279 376 arundine⁵

907 386 997 427 Quod
1021 385 1094 425 plus
1118 384 1215 417 melle
1239 383 1425 416 meditatum

955 432 1065 466 Pascit
1090 441 1144 465 cor
1170 431 1350 465 dulcedine.

912 528 1017 560 Iesum
1042 536 1171 567 praeses
1196 530 1404 567 purpuratum

956 575 1050 608 Foris
1077 576 1164 607 ducit
1186 575 1350 614 inquiens:

908 623 1006 665 Ecce,
1031 622 1136 665 homo,
1162 622 1348 662 castigatum

957 671 1055 709 Quem
1080 670 1205 702 vidistis
1231 670 1357 708 totiens,

910 717 1040 750 Nullum
1065 718 1098 750 in
1125 727 1160 750 eo
1186 720 1319 757 reatum,

955 766 1052 807 Ecce,
1077 775 1146 797 sum
1172 764 1343 803 reperiens.

914 852 991 885 Cum
1018 852 1174 883 vidissent
1199 859 1273 891 ergo
1300 858 1368 882 eum

960 899 1051 932 Servi
1078 901 1108 930 et
1132 897 1308 939 pontifices,

912 946 1074 979 Clamant:
1103 944 1252 985 crucifige
1277 954 1376 982 reum,

961 994 1020 1033 Qui
1047 993 1173 1034 decepit
1197 992 1368 1032 simplices,

915 1042 959 1075 Ut
981 1040 1115 1073 credant
1138 1041 1222 1072 hunc
1239 1048 1308 1071 esse
1328 1040 1441 1082 Deum,

960 1089 1055 1128 Quem
1082 1088 1219 1120 adorant
1244 1088 1417 1127 supplices.

913 1174 1049 1206 Praeses
1075 1183 1148 1206 mox
1172 1175 1205 1205 in
1231 1172 1388 1205 criminali

960 1222 1044 1255 Sede
1067 1222 1109 1253 ad
1133 1221 1285 1254 iudicium

912 1270 1004 1302 Sedit
1024 1271 1100 1300 tunc
1124 1279 1183 1309 pro
1209 1268 1362 1300 tribunali

959 1317 1005 1349 Et
1029 1314 1108 1347 fecit
1131 1318 1317 1349 scrutinium

910 1366 940 1395 A
964 1364 1049 1405 Iesu,
1079 1365 1163 1403 quod
1189 1373 1216 1395 Sl
1242 1363 1317 1403 quid
1342 1363 1416 1395 mali

959 1412 1045 1452 Egit,
1077 1411 1132 1442 det
1155 1411 1319 1444 indicium.

917 1497 1002 1537 Post,
1030 1499 1066 1527 ut
1091 1495 1339 1537 crucifigeretur,

960 1546 1066 1578 Iesum
1096 1546 1197 1577 servis
1222 1544 1335 1576 tribuit

913 1593 1048 1625 Caesum
1073 1593 1183 1633 virgis,
1210 1600 1269 1623 nec
1293 1592 1435 1631 miretur,

957 1642 1008 1674 Ita
1034 1640 1108 1680 quia
1131 1640 1242 1682 voluit,

911 1689 955 1722 Ut
978 1688 1138 1727 scriptura
1164 1688 1352 1727 impleretur

962 1737 1087 1778 Vatum,
1114 1745 1194 1776 quae
1220 1736 1279 1768 hoc
1306 1734 1422 1767 (locuit.

916 1823 960 1855 Et
983 1823 1017 1855 in
1044 1823 1139 1855 dorso
1164 1831 1220 1855 suo
1246 1823 1365 1863 lignum

962 1872 1015 1903 Aci
1041 1871 1145 1902 locum
1172 1871 1340 1905 calvariae

915 1919 1036 1951 Ferens
1061 1919 1149 1959 exiit,
1175 1920 1210 1951 ut
1235 1918 1359 1959 signum

962 1968 1074 2000 Fieret
1096 1967 1233 1999 militiae

915 2014 1106 2047 Christianis
1132 2019 1165 2048 et
1189 2014 1222 2046 in
1249 2014 1379 2055 dignum

962 2062 1127 2095 Monimen
1153 2062 1319 2095 victoriae.

915 2149 979 2182 Sed
1007 2150 1081 2181 dum
1106 2149 1170 2180 iret
1196 2146 1347 2187 fatigatus

965 2198 1123 2230 Curvatas
1149 2195 1207 2228 sub
1234 2203 1339 2233 onere,

917 2244 1025 2277 Simon
1053 2243 1243 2284 Cyrenensis
1269 2246 1360 2274 natus

965 2293 1097 2325 Crucem
1124 2292 1197 2324 Iesu
1223 2290 1338 2321 tollere

914 2342 945 2373 A
971 2340 1127 2373 militibus
1153 2340 1276 2371 artatus

961 2389 1019 2421 Est
1046 2390 1120 2428 post
1146 2395 1216 2418 eum
1241 2394 1358 2426 prol-<l
1385 2410 1390 2417 .
