1651 2606
190 210 245 243 37.

196 413 251 445 38.

196 615 251 648 39.

195 816 250 849 40.

194 1019 251 1052 41.

193 1224 249 1255 42.

193 1427 249 1459 43.

198 1628 255 1661 44.

201 1830 257 1862 45.

203 2034 259 2067 46.

207 2238 262 2270 47.

271 206 393 241 Pilatus
423 207 611 241 satisfacere

279 256 420 289 Credens
445 256 508 287 tuis
532 255 663 288 aemulis

278 303 325 334 Te
349 305 449 336 totum
475 302 554 335 facit,
579 303 712 334 caedere

275 350 320 382 Et
341 351 388 382 sic
411 350 583 382 monstrari
606 348 744 390 populis.

277 412 413 444 Portans
439 414 558 444 vestem
582 416 775 449 purpuream

278 458 409 499 Spargis
434 458 551 498 ubique
574 456 768 496 sanguinem,

278 504 385 537 Habes
412 513 558 537 coronam
582 503 725 542 spineam

276 552 399 585 Dextra
423 555 533 584 tenens
557 550 756 583 arundinem.

277 613 408 646 Scribae
433 621 502 644 cum
527 610 731 652 pontificibus

275 660 319 692 Et
342 660 490 692 universo
516 659 634 699 populo

274 707 321 739 Te
346 708 484 738 clamant
507 706 629 746 magnis
654 705 786 738 vocibus

278 753 388 785 Crucis
412 752 468 793 figi
492 753 647 794 patibulo.

277 815 307 846 A
331 815 437 848 Pilato
463 814 622 847 sententia

278 861 397 894 Contra
420 865 454 894 te
480 863 574 894 datur
598 862 706 903 impia,

278 908 466 942 Stimulatur
491 909 613 942 familia

275 956 320 988 Et
343 959 458 997 parata
481 960 555 989 sunt
577 958 690 991 omnia.

278 1018 443 1050 Portanda
467 1020 531 1051 tuis
555 1019 673 1051 umeris

275 1065 360 1098 Crux
384 1066 566 1105 ponderosa
590 1067 728 1108 ponitur,

277 1112 330 1145 Ad
355 1113 460 1145 locum
484 1115 595 1146 mortis
623 1114 758 1152 duceris,

279 1159 446 1192 Calvariae
470 1162 525 1201 qui
550 1161 677 1196 dicitur.

276 1221 389 1254 Nudus
415 1222 544 1255 vidente
567 1223 685 1264 populo

277 1269 382 1302 Clavis
407 1268 490 1302 fixus
516 1270 697 1304 crudelibus

278 1316 410 1349 Levaris
434 1316 467 1348 in
492 1317 636 1357 patibulo

277 1363 410 1396 Duobus
437 1372 507 1396 cum
531 1365 719 1397 latronibus.

275 1425 400 1457 Pendes
425 1425 459 1455 in
485 1425 588 1457 crucis
614 1435 709 1458 onere

278 1472 415 1512 Propter
438 1475 549 1504 nostra
572 1474 767 1514 peccamina,

279 1518 384 1559 Magis
409 1522 515 1552 mente
540 1529 633 1560 quam
658 1530 791 1560 corpore

277 1566 406 1599 Doloris
432 1565 498 1599 fers
523 1569 717 1608 gravamina,

280 1626 419 1659 Matrem
444 1630 531 1661 tuam
557 1629 770 1662 dulcissimam

281 1674 401 1706 Videns
423 1684 482 1714 pro
507 1679 540 1708 te
566 1675 702 1709 deficere

281 1721 325 1753 Et
348 1725 436 1754 tuam
460 1724 707 1757 sacratissimam

282 1767 421 1801 Mortem
446 1771 556 1808 paucis
580 1772 746 1811 proficere.

284 1830 375 1862 Patri
400 1839 532 1863 excusas
556 1834 708 1873 populum

282 1876 415 1910 Dicens:
445 1879 558 1920 nescit,
584 1882 668 1919 quod
693 1880 800 1915 faciat.

283 1923 383 1956 Matri
409 1925 508 1958 donas
532 1927 733 1969 discipulum,

283 1970 329 2003 Ut
352 1970 461 2004 florem
485 1972 544 2005 flos
570 1976 736 2011 custodiat.

285 2032 346 2065 Fel
370 2036 476 2073 gustas
500 2035 534 2067 in
559 2038 705 2076 angustia

284 2079 411 2121 Mortis,
439 2081 512 2114 dum
540 2083 637 2116 dicis:
665 2085 747 2128 sitio,

286 2127 331 2159 Et
355 2129 498 2168 paradisi
522 2131 639 2170 gaudia

287 2174 420 2207 Latroni
441 2179 579 2218 spondes
605 2180 701 2214 socio.

288 2236 379 2275 Quod
403 2238 556 2279 scriptum
581 2240 621 2272 de
644 2243 677 2272 te
701 2240 816 2286 fuerat,

289 2284 543 2319 Consummatum
571 2290 628 2327 est,
655 2289 782 2332 asseris,

291 2331 354 2365 Cur
378 2338 471 2373 pater
495 2337 528 2367 te
552 2335 735 2378 reliquerat,

289 2381 463 2414 Humiliter
492 2384 704 2423 conquereris,

875 204 930 237 48.

878 406 934 439 49.

879 611 933 645 50.

879 814 933 848 51.

878 1019 934 1052 52.

881 1222 936 1255 53.

883 1427 938 1459 54.

883 1631 937 1664 55.

883 1837 937 1870 56.

886 2039 941 2073 57.

888 2245 943 2277 58.

957 203 1046 237 Patri
1074 203 1214 234 clamans
1239 198 1414 233 fortissime

959 251 1060 283 Tuum
1087 250 1311 282 commendans
1344 248 1491 287 spiritum

960 298 1062 337 Caput
1086 295 1201 336 flectis,
1228 295 1382 329 vilissime

959 347 1061 378 Tuum
1088 343 1252 376 concludis
1279 343 1410 376 exitum.

960 406 1051 438 Tunc
1075 414 1174 447 mare,
1201 407 1291 438 terra
1314 405 1455 445 tremuit,

958 454 1074 486 Velum
1100 453 1213 493 templi
1240 452 1406 494 dividitur,

960 501 1015 534 Sol
1042 503 1076 532 ut
1099 502 1133 533 in
1158 504 1253 533 nocte
1277 500 1382 541 latuit,

959 549 1129 581 Petrarum
1153 551 1246 581 tenor
1271 547 1442 588 frangitur.

962 610 1081 643 Videns
1106 613 1198 642 tanta
1224 609 1367 642 centurio

959 658 1061 690 Fatur
1085 661 1118 689 te
1142 657 1205 689 Dei
1229 657 1340 697 filium,

961 706 1028 738 Dat
1052 705 1163 738 lateris
1188 705 1312 744 apertio

960 752 1061 785 Nobis
1086 752 1199 784 salutis
1223 751 1365 785 fluvium.

960 814 1095 854 Largire
1120 813 1209 855 mihi,
1234 814 1381 855 Domine,

960 862 1122 893 Virtutum
1148 861 1345 901 exercitium,

959 910 1023 942 Pro
1048 911 1105 941 tua
1129 911 1232 940 matre
1255 909 1381 949 virgine

958 956 1001 989 Et
1026 956 1178 989 vitiorum
1201 956 1355 989 taedium.

960 1019 1017 1051 Me
1042 1016 1094 1050 fac
1117 1018 1151 1049 in
1176 1018 1240 1050 tuis
1265 1018 1415 1051 laudibus

959 1066 1158 1106 Promptum,
1185 1066 1345 1106 devotum,
1367 1066 1494 1107 vigilem

958 1113 1003 1145 Et
1026 1113 1061 1144 in
1085 1113 1282 1146 orationibus

962 1160 1126 1202 Crebrum,
1137 1159 1325 1205 ferventem,
1332 1161 1492 1196 humilem.

962 1223 1060 1255 Mitte
1085 1225 1175 1254 tuum
1199 1223 1378 1256 subsidium

961 1269 1101 1303 Infirmis
1128 1273 1161 1302 et
1184 1270 1380 1311 pauperibus

959 1317 1005 1350 Et
1028 1318 1172 1350 veritatis
1196 1319 1323 1351 radium

960 1365 1147 1397 Errantium
1170 1366 1205 1397 in
1229 1366 1392 1399 cordibus.

964 1426 1139 1466 Depositus
1164 1428 1198 1459 in
1222 1428 1366 1468 vesperis

962 1475 993 1506 A
1017 1474 1080 1506 tuis
1108 1475 1148 1507 de
1172 1476 1329 1517 patibulo,

962 1522 1002 1554 In
1027 1530 1098 1555 sero
1122 1523 1178 1562 pie
1203 1524 1351 1556 conderis

962 1570 1002 1602 In
1026 1569 1131 1602 alieno
1156 1572 1289 1606 tumulo.

961 1632 1007 1664 Et
1031 1631 1228 1664 descendens
1254 1633 1295 1664 ad
1320 1632 1441 1666 inferos

963 1680 1079 1711 Portas
1108 1678 1231 1719 frangis
1258 1689 1328 1712 cum
1355 1681 1496 1714 vectibus

964 1726 1010 1758 Et
1032 1730 1141 1766 patres
1166 1727 1259 1760 illinc
1282 1728 1402 1762 liberos

965 1774 1081 1807 Trahis
1111 1775 1212 1806 laetos
1238 1785 1309 1808 cum
1336 1777 1495 1811 laudibus,

965 1835 1064 1867 Totus
1091 1837 1316 1870 desiderabilis

966 1884 1119 1924 Resurgis
1147 1884 1199 1916 die
1223 1886 1329 1926 tertia,

968 1930 1067 1962 Pares
1092 1932 1156 1964 tuis
1184 1932 1361 1975 discipulis,

966 1978 1011 2010 Ut
1036 1977 1149 2020 fertur,
1174 1984 1278 2013 matre
1301 1984 1444 2022 praevia.

968 2039 1102 2073 Scandis
1128 2042 1210 2073 caeli
1234 2043 1393 2086 sublimia,

969 2086 1068 2120 Sedes
1093 2089 1127 2120 in
1151 2092 1254 2129 patris
1282 2092 1425 2135 dextera,

969 2135 1129 2168 venturus
1155 2146 1189 2169 es
1216 2148 1287 2171 cum
1312 2141 1414 2181 gloria

970 2182 1090 2216 Nostra
1115 2193 1268 2219 censuras
1295 2197 1404 2229 opera.

969 2244 1016 2276 Ut
1041 2245 1179 2289 dixeras,
1205 2251 1382 2291 paraclitus

970 2292 1175 2327 Descendens
1200 2297 1234 2329 in
1260 2298 1435 2339 discipulos

970 2340 1048 2372 Illos
1075 2346 1259 2377 cunctarum
1287 2347 1420 2380 caelitus

971 2387 1166 2428 Linguarum
1193 2392 1287 2425 docet
1310 2396 1467 2432 modulos,
