1651 2606
711 78 963 114 ‘144—

199 182 232 215 3.
261 181 384 221 Corpus
408 184 496 213 tuum
520 180 643 221 prolem
668 176 776 218 gessit,
882 177 914 209 4.
942 173 992 205 Tu
1017 181 1050 204 es
1075 173 1165 212 virgo
1191 169 1374 212 singularia

307 229 340 262 Si
367 228 437 268 quis
462 227 586 268 quaerit
610 224 783 266 quomodo:
985 221 1080 253 Felix
1103 219 1300 264 muliercula,

259 276 399 308 Verbum
418 276 505 307 venit
528 276 560 306 et
583 272 716 304 recessit
938 268 988 300 Tu
1013 277 1046 300 es
1073 268 1160 300 clara
1184 268 1280 299 stella
1303 266 1412 306 maris,

307 324 422 356 Clauso
446 325 500 354 tuo
527 320 676 361 thalamo,
986 315 1035 347 Tu
1061 324 1094 347 es
1119 314 1207 347 Iesse
1234 314 1367 356 virgula,

259 370 376 402 Venter
400 372 472 401 tuus
497 369 544 400 sic
567 366 716 398 tumescit
938 363 1024 396 Miro
1049 362 1143 395 modo
1167 365 1278 394 natum
1301 362 1390 404 paris

306 418 381 451 Sine
401 417 463 448 viri
488 416 583 454 viti03
987 410 1063 443 Sine
1086 409 1189 451 patris
1215 411 1339 450 copula,

259 465 345 497 Illud
371 464 475 506 credo,
503 462 645 503 quamvis
670 459 774 493 nescit
941 459 990 490 Tu
1016 467 1049 490 es
1075 458 1163 491 facta
1185 460 1290 489 mater
1312 456 1411 488 maris

301 510 452 551 Experiri
484 510 575 542 ratio,
987 506 1064 540 Sine
1087 505 1185 537 maris
1209 504 1344 538 macula.

537 566 569 599 5.
595 566 646 598 Tu
667 574 701 597 es
724 564 823 606 mitiS,
846 573 910 596 non
931 572 1054 607 severa,

642 613 690 644 Te
714 611 897 644 collaudant
921 611 1037 652 angeli,

595 660 645 692 Tu
668 669 701 692 es
726 667 802 693 vera
826 659 900 691 vitis
925 666 1015 701 vena,

641 708 727 740 Laus
751 707 848 738 totius
873 706 985 747 populi

595 755 645 787 Tu
669 764 702 787 es
727 756 823 794 atque
846 754 936 794 virgo
962 754 1058 793 plena

644 802 782 843 Spiritus
807 800 966 844 paracliti,

596 851 725 883 Patrem
749 849 838 889 paris
862 850 931 881 sine
955 857 1059 888 poena

641 898 839 930 Salvatorem
864 896 993 931 saeculi.

262 964 341 992 Orat.
372 973 423 991 ms.
449 965 562 992 Domus
587 964 692 991 Novae
716 964 807 991 Lucis
836 965 906 990 anni
936 960 1019 990 1477.
1066 961 1136 990 Cod.
1162 962 1349 990 Ultraiectin.
1376 961 1493 998 Scriptt.

184 1002 264 1030 Eccl.
284 1000 349 1030 375.

277 1600 330 1632 10.

280 1834 333 1868 15.

277 2073 332 2106 20.

618 1103 679 1134 146.
710 1103 753 1134 De
773 1102 873 1133 Partu
894 1101 1049 1142 Virginis.

357 1173 461 1214 Salve,
487 1172 555 1213 flos,
580 1173 633 1213 qui
658 1174 764 1205 salvas
788 1182 845 1204 nos
871 1172 999 1205 virtutis
1025 1172 1132 1214 odore,

355 1221 432 1254 Flos
459 1222 609 1262 candens,
636 1219 774 1252 fructum
800 1221 945 1260 pandens
971 1221 1156 1252 remanente
1183 1219 1308 1253 decore.

355 1268 460 1308 Salve,
485 1267 555 1308 flos,
583 1268 634 1299 cui
656 1269 736 1300 caeli
761 1277 814 1300 ros
838 1269 902 1300 vim
927 1266 1175 1299 fructificantem

356 1315 410 1348 Sic
434 1316 556 1356 tribuit,
583 1316 668 1355 quod
691 1325 753 1348 non
778 1316 893 1347 minuit
917 1315 1057 1354 speciem
1079 1314 1274 1347 rutilantem.

324 1388 331 1395 .
358 1362 461 1404 Salve,
487 1361 556 1403 flos,
585 1363 633 1394 cui
658 1364 712 1395 lex
738 1365 770 1394 et
793 1372 861 1395 mos
886 1365 1063 1402 naturaque
1088 1361 1183 1401 cedit,

356 1410 487 1449 Quando
512 1410 611 1450 paris,
637 1419 700 1442 non
724 1409 870 1450 fuscaris,
897 1418 956 1442 nec
980 1408 1084 1442 forma
1111 1409 1242 1443 recedit.

357 1456 406 1489 Tu
430 1457 551 1496 niveus,
577 1460 611 1488 tu
635 1458 795 1498 virgineus
815 1455 883 1501 flos,
911 1458 995 1490 alma
1019 1458 1135 1499 Maria,

356 1504 453 1543 Quam
479 1505 613 1536 mundat
636 1508 668 1536 et
690 1504 843 1537 fecundat
868 1505 976 1537 divina
1000 1505 1121 1544 sophia.

357 1552 535 1584 Productus
559 1555 631 1583 tuus
657 1555 706 1584 est
730 1551 851 1584 fructus
876 1562 939 1584 non
963 1554 996 1583 te
1022 1553 1150 1592 violata,

360 1599 476 1630 Ventre
501 1602 554 1632 tuo
579 1600 726 1632 miranda
752 1599 813 1631 duo
839 1600 932 1631 simul
957 1603 1032 1631 sunt
1055 1601 1194 1639 sociata;

358 1646 529 1686 Integritas
555 1650 587 1678 et
610 1646 771 1686 fertilitas,
800 1648 860 1679 duo
887 1648 1026 1688 dissona,
1052 1648 1114 1679 rite

358 1695 503 1727 consona
530 1697 604 1726 sunt
629 1698 661 1726 et
686 1695 876 1727 conveniunt
898 1696 932 1727 in
956 1697 990 1727 te
1014 1695 1082 1726 sine
1105 1696 1172 1727 lite.

360 1742 477 1774 Sancta
501 1742 650 1781 phoenix,
674 1743 763 1783 virgo
788 1743 943 1784 genetrix,
969 1743 1044 1782 quia
1067 1742 1156 1774 nulla
1182 1743 1332 1783 secunda,

363 1787 551 1828 Concipiens
581 1792 613 1820 et
636 1789 818 1830 parturiens
842 1799 950 1822 manes
975 1790 1111 1830 integra,
1138 1791 1267 1823 munda.

360 1836 457 1874 Quam
483 1837 545 1868 nisi
568 1839 602 1868 te
625 1837 853 1869 transcendere
878 1846 912 1869 se
935 1842 1052 1870 natura
1072 1836 1252 1878 stupescit?

359 1883 445 1921 Quae
469 1885 531 1915 nisi
556 1887 590 1915 tu
615 1885 684 1916 sine
709 1885 879 1917 concubitu
903 1884 1041 1917 fecunda
1063 1884 1239 1916 tumescit?

359 1930 445 1969 Quae
469 1940 647 1972 praegnans
672 1941 750 1972 opus
774 1932 934 1973 ignorans,
960 1932 993 1963 in
1019 1941 1080 1972 quo
1102 1931 1250 1974 violetur,

361 1977 446 2015 Quae
470 1979 597 2017 pariens
623 1980 669 2010 nil
694 1980 871 2023 experiens,
897 1982 930 2012 in
956 1989 1016 2019 quo
1043 1981 1211 2016 crucietur,

360 2023 436 2057 Sola
459 2028 548 2057 tenes
574 2029 677 2058 castos
702 2035 805 2067 renes,
832 2028 958 2067 quando
984 2027 1173 2069 gravidariS,

358 2071 428 2104 Nec
451 2073 592 2112 quereris
617 2082 677 2105 nec
700 2075 868 2114 torqueris,
896 2084 966 2107 cum
991 2073 1079 2106 fasce
1102 2075 1231 2110 levaris.

362 2120 540 2160 Conceptus
566 2123 637 2152 tuus
664 2124 695 2152 et
717 2125 829 2162 partus
855 2132 917 2154 non
943 2125 1018 2153 sunt
1041 2123 1216 2162 generales,

361 2166 424 2199 Hic
449 2168 533 2199 coitu
559 2171 655 2207 caret,
682 2169 735 2202 hic
758 2169 886 2210 gemitu,
912 2169 973 2202 tibi
997 2174 1071 2202 sunt
1096 2170 1263 2211 speciales.

361 2214 444 2247 Dum
469 2219 621 2255 generant
647 2216 738 2256 aliae,
763 2219 921 2249 temerant
946 2218 1042 2248 decus
1064 2218 1269 2258 integritatis,

362 2262 408 2295 Te
432 2263 574 2303 sequitur
598 2272 658 2296 nec
682 2264 857 2296 conteritur
881 2263 939 2297 flos
966 2265 1166 2306 virginitatis

282 2313 337 2345 25.
363 2309 446 2342 Dum
472 2311 602 2351 pariunt
625 2311 716 2351 aliae,
743 2311 908 2353 plangunt,
935 2316 969 2344 tu
993 2314 1102 2346 nescia
1125 2313 1282 2357 planctus,

366 2357 422 2390 Cui
447 2362 539 2391 natus
564 2358 632 2390 sine
657 2359 752 2391 sorde
779 2359 870 2391 datus
895 2369 955 2400 per
979 2362 1084 2393 omnia
1108 2363 1246 2393 sanctus.
