1651 2606
760 108 994 144 —52-

244 211 277 244 5.
303 211 363 251 Qui
387 210 516 242 tandem
539 210 572 242 in
599 217 692 240 cruce
921 206 953 238 6.
979 203 1039 242 Qui
1061 211 1122 235 nec
1147 203 1215 234 eius
1239 199 1370 254 poen-is.

348 260 481 290 mortem
506 256 693 295 sustinuisti,
1026 259 1088 282 nec
1110 249 1175 282 tuis
1199 250 1384 290 pepercisti,

302 305 360 344 Qui
386 308 517 337 matrem
541 305 575 336 in
601 311 694 335 cruce
981 297 1055 330 Tibi
1081 297 1309 337 supplicamus,
1365 342 1371 348 ι
1407 342 1414 348 Ι

347 352 481 385 Iohanni
507 350 699 384 commisisti.
1025 354 1084 385 pro
1111 345 1225 384 quibus
1251 345 1298 375 tot
1324 344 1427 383 eglstl,

676 405 742 437 Nos
767 404 879 436 matris
904 411 1012 434 amore

719 460 826 483 serves
851 461 871 483 a
895 459 973 482 nece
997 450 1094 482 tristi.

305 521 382 549 Orat.
404 528 456 547 ms.
478 521 507 548 S.
527 520 608 546 Petri
628 516 827 551 Salisburgen.
850 524 925 545 saec.
944 514 988 544 15.
1021 515 1090 543 Cod.
1112 515 1235 551 Plagen.
1259 512 1324 541 274.
1346 528 1382 532 —-
1404 511 1429 548 6,
1449 511 1467 540 2
1486 522 1538 541 ne-

229 567 285 594 que
306 560 374 586 tuis.

557 666 605 697 43.
636 666 679 697 Ad
703 666 859 698 Christum
883 666 915 698 et
935 665 1067 697 Mariam
1089 665 1207 697 Oratio.

243 749 275 780 1.
300 748 380 787 Ave,
406 756 486 787 puer
511 755 664 785 amorose,
924 747 956 778 3.
984 746 1064 789 Ave,
1092 745 1182 786 pugil
1209 746 1360 782 virtuose,

299 795 380 837 Ave,
407 795 534 828 Christe
558 794 712 834 speciose,
983 794 1067 834 Iesu,
1093 793 1197 825 victor
1222 792 1369 835 gloriose,

296 842 377 882 Ave,
403 843 477 875 Iesu
502 841 650 882 gratiose.
983 840 1098 873 Proles
1123 841 1234 880 stirpis
1260 848 1443 879 generosae.

242 900 273 932 2.
299 899 370 930 Ave
395 901 427 930 et
450 901 485 930 tu
510 898 648 939 gloriosa
923 900 954 933 4.
981 899 1062 937 Ave,
1088 898 1178 938 virgo
1204 897 1361 938 speciosa,

297 946 417 978 Christi
441 948 542 978 mater
566 953 730 987 generosa,
983 946 1051 977 Deo
1076 946 1208 986 placens
1235 948 1267 977 et
1291 945 1402 977 iocosa

299 993 423 1033 Sponsa
445 994 546 1034 patris
572 1001 727 1026 amorosa.
982 994 1065 1025 Prae
1092 993 1213 1025 cunctis
1240 995 1273 1024 et
1296 993 1463 1025 luminosa.

753 1066 772 1088 s<
991 1066 1011 1087 =1<

872 1093 891 1115 ες

240 1147 271 1178 5.
297 1147 378 1187 Ave,
404 1146 487 1186 Iesu,
514 1144 566 1178 fac
586 1145 731 1186 benigne,
924 1148 955 1179 7.
981 1146 1061 1186 Ave,
1089 1155 1107 1178 0
1132 1154 1214 1187 puer
1238 1145 1370 1186 optime,

297 1193 388 1232 Quod
418 1194 561 1225 vivamus
592 1201 718 1233 semper
745 1194 850 1236 digne,
980 1195 1061 1234 Ave,
1090 1194 1222 1226 deorum
1247 1193 1394 1237 maxime,

296 1240 363 1272 Fac
386 1240 550 1273 nobiscum
576 1241 715 1280 gratiose
981 1242 1065 1282 Ave,
1094 1241 1231 1282 Christe,
1258 1249 1327 1280 ave,
1356 1249 1440 1283 care,

298 1287 388 1320 Bona
410 1291 578 1328 praestans
605 1288 742 1328 copiose.
984 1289 1064 1329 Ave,
1090 1292 1235 1321 nostrum
1260 1289 1412 1322 salutare.

242 1345 272 1377 6.
299 1346 379 1383 Ave,
406 1344 584 1377 bonitatum
609 1345 702 1386 stola,
925 1346 958 1378 8.
983 1347 1064 1387 Ave,
1090 1346 1197 1378 Maria
1218 1346 1317 1386 regia,

299 1392 380 1432 Ave,
406 1393 588 1431 praeelecta
614 1392 693 1433 sola,
983 1394 1065 1436 Ave,
1092 1402 1209 1433 parens
1233 1394 1370 1436 egregia,

301 1439 381 1478 Ave,
407 1441 509 1471 mater
534 1439 695 1478 bonitatis,
983 1442 1066 1480 Ave,
1092 1442 1193 1484 virgo,
1220 1442 1278 1474 sed
1303 1440 1452 1480 fecunda,

300 1485 367 1517 Nos
391 1487 513 1519 associa
538 1487 650 1519 beatis.
984 1488 1067 1521 Tota
1090 1489 1244 1531 pulchra,
1270 1491 1306 1521 tu
1330 1498 1388 1521 nos
1412 1489 1538 1522 munda.

304 1550 375 1578 Orat
395 1560 447 1579 ms.
466 1553 626 1581 Diessense
646 1560 721 1580 saec.
744 1551 788 1580 15.
820 1553 893 1582 Clm.
913 1554 1067 1582 Monacen.
1090 1553 1175 1583 5688.

607 1680 656 1711 44.
690 1681 796 1713 Verba
817 1682 933 1715 Christi
953 1684 993 1715 ad
1014 1684 1158 1717 animam.

250 1759 279 1792 1.
307 1758 431 1798 Quanta
456 1768 532 1792 cura
555 1759 634 1791 mihi
659 1760 699 1792 de
723 1763 764 1801 te,
927 1764 957 1795 3.
984 1763 1023 1795 In
1048 1764 1118 1796 loco
1143 1766 1176 1796 te
1202 1765 1376 1805 voluptatis

349 1806 464 1850 Homo,
490 1807 519 1839 si
543 1815 757 1849 cognosceres,
1034 1811 1217 1844 Gloriosum
1239 1814 1344 1856 posui,

303 1853 382 1885 Tam
407 1854 503 1886 miser
526 1857 558 1886 et
581 1854 673 1894 inops
697 1855 730 1886 in
754 1858 787 1887 te
983 1858 1046 1890 Per
1069 1860 1250 1892 ministrum
1276 1859 1431 1894 falsitatis

350 1900 558 1941 Nequaquam
583 1902 763 1943 exsisteres,
1030 1906 1174 1946 Decepto
1205 1908 1366 1949 condolui,

304 1947 369 1980 Sed
393 1949 468 1988 quia
491 1951 631 1980 remotus
655 1958 675 1981 a
696 1958 758 1987 me,
983 1953 1143 1993 Vesteque
1167 1955 1385 1996 simplicitatis

352 1995 445 2036 Quid,
473 1997 571 2035 exsul,
597 1996 631 2027 in
654 1995 753 2029 fluctu
777 2006 832 2030 es?
1031 2000 1197 2034 Nudatum
1222 2006 1255 2035 te
1280 2004 1385 2047 vestii,

353 2043 377 2074 O
403 2043 431 2074 si
453 2045 488 2074 tu
511 2043 572 2075 hoc
591 2052 730 2084 saperes.
1032 2048 1086 2081 Sic
1109 2049 1203 2082 homo
1229 2059 1288 2091 pro
1313 2054 1347 2083 te
1368 2051 1425 2087 fui.

245 2099 276 2130 2.
302 2099 341 2131 In
366 2099 481 2138 abysso
508 2100 635 2132 deitatis
924 2105 955 2138 4.
982 2105 1029 2136 Te
1052 2105 1136 2139 iuste
1161 2108 1304 2148 quamvis
1331 2108 1440 2151 fugavi

348 2146 445 2178 Finxi
469 2149 501 2179 te
528 2148 567 2180 de
590 2147 701 2188 nihilo,
1030 2153 1081 2185 De
1105 2154 1175 2187 loco
1198 2156 1352 2197 laetitiae,

304 2194 450 2227 Summae
476 2203 599 2247 quoque
623 2195 775 2228 trinitatis
983 2200 1192 2242 Nequaquam
1217 2207 1324 2237 tamen
1348 2206 1477 2245 privavi

351 2242 481 2283 Signavi
503 2245 537 2274 te
560 2243 733 2284 signaculo,
1031 2249 1096 2288 Spe
1120 2251 1372 2294 misericordiae,

303 2289 415 2330 Tuque
437 2290 520 2322 liber
545 2300 566 2324 a
587 2291 685 2322 reatis
983 2295 1068 2328 Nam
1091 2307 1149 2330 suo
1172 2299 1414 2338 praedestinavi

352 2337 559 2378 Comparatus
583 2338 703 2378 angelo,
1032 2343 1166 2377 Salvare
1190 2349 1223 2377 te
1248 2348 1403 2391 tempore,

351 2385 429 2418 Tam
454 2386 569 2418 nobilis
595 2394 628 2417 es
653 2386 758 2419 hom0.
1030 2391 1126 2433 Hinc,
1153 2394 1257 2437 homo,
1286 2394 1385 2437 dilige
1408 2407 1470 2433 me.
