1651 2606
656 79 911 114 —112-

146 185 177 217 7.
203 179 267 216 Hic
290 184 380 216 Iesus
404 182 563 215 veraciter
827 175 882 208 11.
907 174 980 208 Hoc
1003 175 1129 207 ardoris
1151 173 1274 207 calculo

248 231 376 271 Duplex
399 233 448 263 est
471 233 595 269 natura,
956 221 1038 254 Veni
1061 232 1119 255 nos
1144 222 1257 263 ignire,

201 279 275 312 Non
299 284 349 311 est
372 277 553 319 partialiter
903 269 975 302 Hoc
998 270 1115 302 amoris
1138 270 1265 302 stimulo

247 326 316 359 Nec
340 326 440 358 solum
465 324 575 366 figura,
953 316 1081 358 Frange
1104 319 1208 350 motus
1232 318 1311 357 irae,

201 373 266 407 Sed
289 372 500 405 essentialiter
906 364 952 397 Et
973 365 1087 397 eodem
1110 363 1232 397 ferculo

248 421 329 454 Caro
356 419 473 452 Christi
498 426 579 458 pura
956 413 1017 452 Qui
1040 421 1098 445 nos
1123 413 1172 444 vis
1197 411 1331 454 nutrire,

203 468 300 501 Latet
321 466 523 506 integraliter
906 460 997 493 Velis
1024 460 1132 492 cordis
1155 459 1285 491 vinculo

250 515 344 548 Brevi
371 513 429 545 sub
456 512 611 544 clausura.
954 507 1097 540 Fortiter
1119 507 1222 540 unire.

145 581 176 615 8.
206 581 301 615 Caelo
327 579 496 613 visibiliter
826 574 881 610 12.
906 576 1008 609 Moris
1034 578 1083 607 est
1107 574 1280 608 amantium

248 627 329 661 Caro
355 627 473 660 Christi
497 627 569 667 sita,
953 624 1094 656 Invicem
1119 622 1219 664 sitire,

202 676 319 709 Forma
342 676 434 715 panis
460 675 554 706 aliter
907 671 954 704 Ut
979 680 1098 704 arcana
1125 670 1269 703 cordium

248 722 344 755 Latet
366 722 419 754 hic
444 722 570 764 vestita,
955 719 1085 752 Possint
1108 718 1252 758 introire,

204 771 296 803 Solus
320 770 411 803 novit
435 769 583 809 qualiter,
909 765 963 798 Sic
984 766 1054 798 vult
1076 774 1134 798 rex
1159 765 1360 805 regnantium

246 817 341 851 Hanc
362 818 418 857 qui
441 817 533 858 ponit
550 816 607 860 ita,
955 813 1107 846 Caritatis
1131 812 1232 844 mirae

201 867 313 898 Potest
336 866 397 897 hoc
422 863 562 897 faciliter
909 860 1055 894 Cibando
1080 859 1223 893 fidelium

248 913 360 946 Virtus
383 911 519 945 infinita.
953 908 1072 942 Intima
1095 907 1214 941 subire.

147 981 177 1012 9.
204 979 369 1018 Sumptum
395 988 456 1011 non
484 979 677 1010 consumitur
825 974 880 1008 13.
907 976 931 1008 O
959 977 1032 1009 Iesu
1060 975 1252 1015 dulcissime,

250 1027 371 1066 Corpus
396 1025 576 1066 salvatoris,
957 1023 1053 1057 Cibus
1079 1023 1240 1064 salutaris,

202 1074 292 1106 Idem
319 1076 417 1105 totum
442 1073 576 1104 sumitur
907 1071 966 1110 Qui
991 1071 1038 1102 sie
1062 1070 1153 1103 nobis
1177 1070 1289 1101 intime

250 1121 400 1154 Omnibus
429 1121 462 1152 in
486 1120 584 1158 horiS,
955 1118 1068 1151 Tribui
1094 1118 1246 1158 dignaris,

202 1168 320 1200 Forma
344 1168 436 1208 panis
461 1166 620 1208 frangitur
908 1166 998 1199 Mala
1022 1168 1134 1199 nostra
1160 1166 1304 1206 deprime

250 1215 356 1248 Dente
381 1215 575 1255 comestoris,
957 1213 1104 1246 Fletibus
1130 1214 1248 1246 amaris

202 1262 312 1295 Virtus
337 1263 442 1294 carnis
466 1264 589 1304 sugitur
909 1261 954 1293 Et
978 1260 1109 1294 affectus
1134 1262 1294 1301 imprime,

248 1310 411 1342 Morsibus
442 1310 569 1342 amoris.
956 1309 1077 1348 Quibus
1105 1309 1285 1341 delectaris

136 1378 190 1410 10.
206 1376 350 1409 Christus
375 1376 456 1408 nihil
480 1375 602 1416 patitur
826 1374 881 1408 14.
907 1375 992 1416 Iesu,
1019 1376 1129 1409 vivens
1152 1376 1270 1414 hostia,

252 1423 355 1455 Huius
379 1423 538 1465 laesionis,
957 1423 1056 1455 Placa
1078 1424 1289 1462 maiestatem,

205 1470 323 1503 Forma
345 1471 437 1511 panis
462 1471 596 1503 solvitur
911 1470 1109 1503 Sacramenti
1133 1470 1238 1512 gratia

255 1517 293 1550 Vi
320 1518 514 1561 digestionis,
958 1517 1076 1552 Confer
1101 1519 1281 1558 sanitatem,

205 1565 294 1597 Tunc
318 1566 346 1597 si
373 1565 518 1598 Christus
544 1565 714 1605 quaeritur,
910 1566 1090 1606 Pauperum
1117 1565 1307 1607 substantia,

252 1613 312 1646 Est
335 1613 366 1644 in
395 1613 474 1645 caeli
497 1614 629 1652 thronis,
955 1613 1007 1646 Da
1030 1614 1263 1656 aeternitatem⁵

212 1660 301 1692 Sicut
325 1660 403 1699 vult,
431 1660 505 1693 hinc
529 1661 654 1692 tollitur
908 1660 1037 1694 Domini
1060 1661 1224 1701 memoria,

251 1707 345 1739 Datis
369 1708 456 1740 vitae
482 1708 584 1742 doniS.
956 1709 1046 1741 Fove
1071 1710 1249 1742 caritatem.

488 1776 543 1810 15.
571 1775 750 1808 Vanitatem
775 1784 928 1816 spernere

615 1824 686 1857 Fac
708 1832 776 1865 nos,
804 1825 994 1865 consolator,

568 1871 685 1903 Hostes
712 1870 795 1903 dona
819 1871 957 1910 vincere,

619 1918 756 1957 Christe,
782 1922 1010 1959 propugnator,

569 1965 614 1997 Et
638 1967 722 2005 quod
750 1965 843 1998 doces
870 1966 1011 2009 credere,

617 2014 690 2046 Iesu
715 2016 891 2057 reparator,

570 2061 633 2092 Per
657 2063 690 2092 te
714 2061 843 2093 tandem
870 2070 999 2093 cernere

616 2108 676 2148 Da,
704 2112 932 2141 remunerator.

213 2184 292 2212 Orat.
315 2192 367 2211 ms.
387 2183 508 2211 Arnesti
528 2183 564 2211 de
582 2183 731 2211 Pardubic
750 2191 793 2211 ea.
815 2181 898 2212 1350.
934 2183 1002 2212 Cod.
1023 2186 1100 2215 Mus.
1122 2186 1243 2214 Bohem.
1262 2187 1338 2215 XIII
1360 2186 1383 2214 C
1404 2185 1448 2214 12.

136 2222 171 2250 A.
198 2237 236 2240 —
262 2222 348 2250 Scala
373 2222 447 2249 caeli
475 2230 549 2249 saec.
579 2220 622 2249 14.
645 2230 687 2248 ex.
732 2221 803 2249 Cod.
825 2222 950 2259 Pragen.
971 2224 1046 2252 XIII
1065 2225 1092 2253 E
1113 2222 1140 2253 3.
1158 2226 1191 2253 B.
1212 2240 1251 2245 —
1272 2224 1341 2252 Cod.
1361 2225 1449 2253 Lam-

136 2262 238 2289 bacen.
257 2258 324 2289 463.
345 2268 420 2287 saec.
442 2258 487 2287 14.
509 2259 540 2287 C.
562 2274 596 2278 —
619 2259 689 2288 Cod.
709 2260 851 2288 Mazarin.
874 2258 949 2289 1348
966 2263 1000 2290 A.
1023 2271 1100 2291 saec.
1122 2262 1166 2291 15.
1180 2263 1218 2291 D.
1239 2278 1276 2283 -
1289 2264 1374 2291 Miss.
1394 2273 1449 2292 ms.

137 2299 374 2328 Vallumbrosan.
390 2300 460 2326 anni
475 2296 557 2326 1471.
579 2297 648 2326 Cod.
659 2298 849 2327 Laurentian.
865 2300 955 2327 Conv.
970 2309 1033 2335 sup.
1048 2299 1112 2329 232.
1127 2302 1162 2329 E.
1180 2315 1217 2320 —
1240 2301 1309 2329 Cod.
1325 2302 1355 2330 S.
1368 2302 1450 2330 Petri

140 2337 339 2374 Salisburgen.
363 2339 378 2366 b
393 2337 451 2364 V11
472 2334 507 2364 10
527 2338 597 2364 anni
616 2334 698 2364 1470.
712 2336 747 2364 K.
768 2352 808 2356 —
828 2338 900 2366 Clm.
922 2338 1076 2367 Monacen.
1096 2338 1145 2374 (ol.
1166 2338 1318 2376 Tegurin.)
1339 2338 1374 2368 19
1382 2338 1448 2369 354.

141 2384 216 2404 saec.
236 2375 278 2404 15,
295 2375 328 2404 G.
350 2390 389 2395 ——
408 2376 539 2403 Oration.
555 2383 607 2402 ms.
622 2375 850 2404 Heilsbronnen.
866 2384 943 2405 saee.
959 2376 1002 2405 15.
1024 2377 1086 2406 Cod
1108 2378 1266 2414 Frlangen.
1280 2377 1345 2407 770.
1359 2379 1399 2407 fl.
1413 2395 1452 2400 —-
