1653 2608
234 190 339 234 Reges
364 202 477 235 regens
502 196 642 239 praevia,

284 240 353 273 Deo
377 239 469 274 flexis
495 243 626 284 genibus

236 287 337 320 Trina
363 289 475 322 dantes
500 292 608 323 munia

235 334 351 368 Fidem
379 337 588 379 designantia.

177 393 210 426 8.
237 392 262 425 Ο
287 393 407 437 Maria,
432 395 528 427 stella
551 396 672 436 mundi,

234 441 266 473 A
292 442 433 481 peccatis
461 443 559 475 simus
584 443 694 475 mundi

286 490 349 522 Per
373 493 416 530 te,
443 491 532 530 virgo
556 491 673 530 Maria,

237 536 282 568 Et
306 537 480 570 virtutibus
504 536 644 576 fecundi,

236 584 329 617 Laeti
357 588 461 617 tecum
488 588 520 616 et
543 586 672 617 iucundi

288 633 459 665 Laetemur
483 633 516 664 in
542 633 658 673 patria.

183 691 215 722 9.
239 689 285 721 Et
310 690 453 722 laetitiae
478 694 611 730 quartae

234 737 353 777 Maria,
378 747 469 770 soror
493 737 654 781 Marthae,

284 785 362 818 Fuit
382 784 489 818 fidelis
514 787 617 828 testis,

238 832 298 865 Cui
327 834 457 874 angelus
482 833 529 865 sic
556 834 655 866 dixit:

236 881 335 920 Quem
362 882 524 922 quaeritiS,
550 880 677 924 revixit,

284 929 381 969 Ecce,
407 929 495 961 locus
521 934 553 961 et
576 929 686 962 vestis.

156 987 210 1019 10.
236 985 334 1026 Ergo,
364 989 467 1018 mater
492 986 654 1028 creatoriS,

237 1033 351 1066 Funde
374 1042 487 1073 preces
514 1034 634 1065 cunctis
660 1034 756 1076 horis,

284 1082 331 1115 Ut
353 1090 414 1120 per
437 1081 519 1113 illud
544 1081 694 1121 gaudium

236 1129 315 1160 Post
340 1138 466 1161 cursum
486 1128 579 1160 huius
599 1129 721 1161 laboris

233 1176 342 1209 Beatis
375 1176 543 1218 iungamur
568 1177 672 1209 choris

285 1224 502 1267 Supernorum
528 1224 654 1258 civium.

238 1281 388 1321 Quintum
413 1281 475 1313 fuit
498 1282 658 1325 gaudium,

232 1330 365 1370 Quando
394 1333 498 1362 mater
522 1329 623 1362 filium

154 1283 209 1316 11.

233 1378 472 1411 Ascendentem
497 1377 581 1409 vidit
606 1378 727 1409 caelum

235 1425 430 1458 Cunctorum
456 1425 618 1460 solacium.

150 1483 205 1516 12.
231 1530 282 1562 Ne
307 1530 411 1562 subici
437 1532 597 1563 valeamus

278 1579 451 1611 Daemonis
475 1579 621 1618 imperio,

235 1626 299 1659 Sed
323 1627 365 1659 ad
391 1626 495 1658 caelos
521 1626 739 1669 ascendamus,

231 1674 297 1707 Ubi
322 1678 426 1706 tecum
448 1674 651 1715 gaudeamus,

278 1722 397 1755 Tecum
423 1726 455 1754 et
480 1731 549 1754 curn
574 1721 652 1754 filio,

232 1483 296 1515 Per
319 1483 382 1515 hoc
406 1482 556 1523 gaudium
580 1491 737 1527 rogamus,

770 98 837 133 183
885 115 932 122 —-

840 197 895 230 13.

840 497 894 530 14.

841 797 895 830 15.

838 1187 894 1221 16.

838 1483 894 1517 17.

922 195 1051 228 Sextum
1076 193 1179 228 sancti
1204 194 1336 236 spiritus

920 243 1008 276 Dans
1034 243 1079 275 eis
1106 243 1257 275 divinitus

969 291 1448 332 Novaslinguas‚novossensus,

923 339 1012 371 Scire
1038 340 1158 371 cunctis
1182 339 1320 378 penitus,

920 387 1010 419 Nulli
1034 387 1067 418 in
1092 387 1153 419 hoc
1177 387 1296 420 veritus

972 462 1335 471 .......

921 496 985 528 Per
1009 496 1070 529 hoc
1094 496 1242 537 gaudium
1268 496 1395 528 beatum

923 544 997 585 Ora,
1021 545 1123 585 virgo,
1149 546 1237 575 tuum
1262 546 1380 584 natum,

968 592 1014 624 Ut
1036 592 1069 623 in
1095 592 1155 624 hoc
1180 592 1291 624 exsilio

921 638 1039 671 Deleat
1061 642 1203 672 nostrum
1229 643 1362 680 reatum,

921 686 972 718 Ne
997 686 1039 719 sit
1062 687 1153 719 nobis
1178 687 1365 727 imputatum

971 736 1007 768 In
1033 743 1146 775 magno
1171 735 1300 767 iudicio.

921 796 993 829 Hoc
1017 797 1188 836 septimum
1210 796 1360 837 gaudium

970 846 1043 877 Non
1069 848 1116 876 est
1140 853 1201 886 par
1224 844 1366 884 alterius,

922 891 1054 930 Quando
1081 892 1142 923 Dei
1167 893 1311 931 genetrix

969 939 1143 980 Assumpta
1166 940 1313 979 superius

920 987 1057 1019 Audivit
1082 987 1193 1019 choros
1220 991 1251 1018 et
1274 986 1405 1018 thronos

919 1035 1115 1074 Angelorum
1140 1036 1234 1073 atque
1258 1042 1361 1076 sonos,

968 1081 1090 1114 Videns
1116 1090 1207 1113 suum
1231 1081 1341 1122 filium,

970 1129 1153 1162 Creatorem
1179 1129 1326 1161 omnium.

921 1186 1027 1231 Virgo,
1054 1191 1158 1219 mater
1181 1186 1322 1229 pietatis,

920 1233 1097 1267 Sentiamus
1122 1234 1274 1266 bonitatis

967 1282 1055 1314 Tuae
1080 1280 1278 1322 beneficium,

918 1329 965 1362 Ut
988 1338 1045 1362 nos
1070 1338 1178 1363 serves
1203 1339 1223 1361 a
1248 1330 1388 1369 peccatis

918 1377 963 1409 Et
986 1377 1144 1417 perducas
1169 1385 1239 1408 cum
1264 1378 1366 1409 beatis

966 1426 1020 1457 Ad
1045 1429 1207 1457 aeternum
1234 1425 1393 1466 gaudium.

922 1483 947 1515 Ο
972 1482 1089 1523 Maria,
1117 1485 1186 1515 tota
1209 1482 1338 1524 munda,

918 1531 949 1562 A
974 1531 1116 1571 peccatis
1142 1539 1199 1563 nos
1226 1531 1363 1562 emunda

966 1579 1031 1611 Per
1055 1578 1134 1610 haec
1159 1581 1282 1618 septem
1307 1578 1433 1618 gaudia,

918 1626 972 1669 Et,
999 1625 1146 1667 fecunda,
1172 1635 1229 1658 nos
1255 1625 1402 1667 fecunda,

918 1674 990 1706 Duc
1014 1683 1071 1707 nos
1097 1678 1201 1707 tecum
1226 1675 1268 1707 ad
1292 1674 1431 1707 iucunda

966 1722 1114 1755 Paradisi
1137 1724 1290 1764 praemia.

212 1780 291 1809 Orat.
312 1789 365 1807 ms.
385 1778 617 1807 Caelestinorum
639 1787 714 1807 saec.
737 1778 781 1808 15.
817 1780 887 1809 Cod.
901 1780 1028 1807 Parisin.
1052 1777 1159 1807 18571.
1180 1794 1217 1798 —
1239 1779 1265 1814 7,
1281 1777 1298 1807 6
1317 1787 1448 1812 munera,

133 1827 228 1855 gegen
248 1818 305 1846 den
324 1819 419 1847 Reim.
441 1833 476 1837 —
500 1816 543 1851 17,
566 1814 583 1845 ἓ
606 1817 649 1846 Ut
667 1827 719 1854 per
740 1819 814 1847 haec
833 1821 953 1856 septem.

564 1901 626 1934 180.
663 1902 705 1934 De
723 1902 765 1935 IX
788 1902 915 1934 Gaudiis
936 1902 1023 1934 BMV.

150 1965 181 1998 1.
208 1963 331 2001 Gaude,
361 1964 451 2005 virgo
475 1964 658 2004 singularis,

253 2013 354 2053 Virgo
377 2015 480 2045 mater
503 2012 608 2055 unica,

206 2060 314 2094 Mater
338 2060 406 2094 veri
429 2060 589 2099 salutaris,

255 2110 348 2143 Salus
372 2110 483 2142 mundi
510 2108 649 2148 publica.

205 2158 255 2191 Tu
282 2158 323 2190 de
348 2157 437 2189 caelo
462 2156 623 2197 salutaris,

204 2207 253 2240 Tu
277 2215 338 2247 per
363 2214 472 2237 aurem
498 2204 678 2245 gravidaris

249 2255 294 2288 Et
318 2253 352 2286 in
378 2254 459 2286 cella
484 2252 612 2285 modica

200 2304 357 2344 Magnum
384 2302 491 2335 Deum
517 2301 700 2345 hospitaris,

198 2354 298 2393 Quem
317 2359 379 2384 nec
402 2351 494 2392 caeli,
522 2352 638 2392 terrae,
664 2351 761 2383 maris

247 2401 331 2434 Tota
355 2399 443 2442 capit
467 2398 600 2434 fabrica.

837 1966 868 1999 2.

896 1963 1018 2005 Gaude,
1045 1972 1135 2004 quae,
1163 1963 1238 1995 dum
1263 1963 1429 1995 honoraris

940 2012 1028 2045 Voce
1049 2011 1098 2043 sic
1121 2011 1275 2054 angelica,

893 2059 1016 2093 Fructu
1040 2060 1126 2092 vitae
1151 2059 1335 2092 fecundaris

942 2108 1060 2141 Contra
1088 2107 1200 2140 mortis
1227 2108 1352 2146 toxica3

891 2156 1010 2190 Matris
1035 2155 1152 2197 infans,
1180 2164 1270 2195 quem
1294 2153 1428 2195 adforis,

893 2204 970 2245 Scit,
997 2213 1057 2246 quo
1083 2203 1190 2236 fructu
1213 2203 1379 2243 replearis,

942 2253 1074 2286 Clausus
1099 2253 1163 2284 alvi
1188 2251 1305 2290 tunica,

892 2302 961 2342 Quo
986 2309 1145 2343 perpenso
1171 2298 1390 2339 comprobaris

890 2350 955 2384 Via
979 2350 1066 2383 vitae
1090 2347 1230 2390 linearis,

938 2399 1125 2431 Animarum
1150 2396 1285 2428 medica.
