1651 2606
243 167 298 200 70.

242 580 299 613 71.

242 992 298 1026 72.

241 1403 296 1438 73.

242 1816 297 1849 74.

240 2234 297 2267 75.

325 166 438 200 Nonne
462 168 532 201 nati
556 170 662 210 passio

373 215 464 249 nobis
490 220 575 250 esset
597 219 686 258 satis,

324 263 397 295 Nisi
420 264 622 306 crucifigeret

373 314 405 343 te
429 312 521 354 plebs
547 312 711 348 feritatis?

326 359 390 392 Gur
414 359 531 403 fecisti,
558 361 696 404 domina,

372 416 488 449 corpus
512 409 690 442 sanctitatis

325 455 389 488 Vas
413 457 636 489 amaritudinis

372 508 406 537 et
428 503 658 546 poenalitatis?

323 581 407 621 Heu,
432 590 496 614 non
520 580 623 612 solum
648 590 743 613 cerno
767 583 801 613 te

370 628 460 661 iuxta
484 636 610 660 crucem
634 627 773 669 flentem,

325 675 390 708 Sed
415 676 509 708 simul
534 684 605 708 cum
629 675 696 709 filio

369 723 404 756 in
429 733 524 756 cruce
547 727 738 765 manentem,

324 772 435 812 Ipsum
461 772 673 813 corporaliter

370 819 407 852 in
430 820 518 860 ligno
541 820 747 861 pendentem,

324 867 425 900 Tuam
450 877 527 901 vero
552 869 691 901 animam

374 924 560 957 suspensam
588 916 756 949 dolentem.

323 992 405 1033 Heu,
434 993 630 1032 contemplor
655 995 743 1024 tuum
769 999 824 1023 cor

371 1048 467 1080 saepe
491 1038 689 1080 perforatum

323 1088 367 1121 Et
393 1096 463 1119 cum
488 1087 638 1120 membris
664 1087 795 1128 singulis

370 1136 440 1167 nati
466 1135 695 1177 conclavatum,

322 1184 418 1224 Ecce,
445 1183 529 1224 geris
552 1183 640 1216 infra
663 1186 696 1215 te

373 1230 558 1264 crucifixum
582 1235 701 1273 natum,

324 1279 464 1321 Flagris,
489 1279 604 1322 spinis,
629 1280 757 1320 ictibus,

373 1327 472 1360 clavis
497 1328 680 1360 laceratum.

323 1404 348 1436 O
375 1411 430 1435 cor
456 1403 656 1444 delectabile,

372 1450 464 1484 dulce
491 1454 523 1483 et
547 1454 716 1495 sacratum,

322 1500 404 1539 Heu,
431 1508 516 1532 nunc
539 1499 573 1532 in
598 1500 760 1540 angustias

369 1549 472 1580 totum
498 1556 531 1580 es
556 1550 722 1589 mutatum,

323 1594 457 1628 Probris
482 1598 515 1627 et
538 1594 747 1637 blasphemiis

369 1643 465 1676 nimis
489 1643 702 1688 molestatum,

322 1691 444 1734 Sputis,
472 1689 559 1732 felle,
585 1690 713 1725 fletibus

371 1747 404 1772 es
430 1740 644 1774 amaritatum.

324 1817 349 1850 Ο
375 1816 648 1859 amabilissimum,

370 1865 501 1908 plenum
527 1874 582 1897 cor
608 1866 758 1908 dulcoris,

321 1914 427 1954 Quare
451 1913 500 1946 sic
524 1923 712 1947 conversum
736 1914 770 1947 in

370 1961 497 2004 globum
524 1971 557 1995 es
581 1961 758 1995 maeroris?

321 2010 453 2043 Partem
477 2010 566 2051 mihi,
592 2009 711 2055 flagito,

371 2060 413 2092 da
438 2058 484 2091 tui
510 2058 640 2099 doloris,

322 2106 553 2150 Lacrimarum,
579 2109 745 2140 vulnerum

369 2155 502 2197 natique
524 2156 697 2197 languoris,

322 2233 415 2266 Tunc
441 2241 515 2267 caro
543 2232 700 2274 discipulo

370 2283 476 2314 matre
501 2281 732 2322 commendata,

324 2330 370 2364 Ut
393 2332 521 2364 sacrata
545 2330 663 2372 pagina

374 2382 460 2412 esset
483 2380 710 2420 consummata,

853 73 921 109 163
975 92 1016 99 ——

928 393 981 426 76.

925 804 981 838 77.

927 1212 983 1245 78.

927 1624 981 1658 79.

924 2038 979 2073 80.

1007 171 1116 204 Proles
1141 171 1204 205 Dei
1231 168 1351 211 „Sitio“

1055 219 1137 252 dixit
1159 218 1304 261 fatigata,

1006 267 1081 310 Sed,
1109 267 1182 306 heu,
1209 266 1238 299 ei
1258 266 1347 307 potio

1054 317 1103 348 est
1126 324 1235 348 amara
1261 315 1346 348 data.

1007 392 1032 425 Ο
1057 391 1188 431 Messia,
1213 390 1357 431 supplico

1054 442 1141 472 tuam
1166 439 1329 480 pietatem,

1006 488 1094 520 Pelle
1119 497 1139 520 a
1162 496 1213 519 me
1239 485 1401 526 crapulam

1055 537 1088 567 et
1112 535 1308 575 ebrietatem,

1006 583 1046 615 In
1072 583 1151 615 cibis
1177 585 1209 614 et
1231 582 1360 622 potibus

1057 631 1098 663 da
1122 630 1337 668 sobrietatem,

1008 678 1057 710 Ne
1081 678 1166 711 sinas
1191 686 1241 710 me
1265 677 1374 709 subire

1052 734 1111 767 per
1136 725 1335 758 edacitatem.

1006 802 1089 842 Heu,
1116 802 1188 844 heu,
1214 811 1311 842 quare
1337 801 1480 842 cupimus

1053 850 1170 882 lautius
1194 850 1295 882 cibari

1007 897 1083 930 Sive
1109 897 1276 930 delicatius

1053 952 1193 984 unquam
1217 942 1351 976 satiari?

1006 993 1032 1025 O
1058 994 1139 1035 Iesu,
1167 1000 1208 1023 ne
1232 991 1318 1023 sinas
1342 999 1400 1023 nos

1053 1040 1100 1072 ita
1126 1039 1290 1079 delectari,

1007 1087 1066 1127 Qui
1092 1085 1168 1119 felle
1191 1087 1338 1128 dignatus
1364 1094 1398 1117 es

1052 1144 1112 1176 pro
1136 1134 1229 1167 nobis
1253 1133 1371 1174 potari.

1008 1212 1109 1252 Tunc,
1135 1212 1219 1243 sicut
1241 1210 1404 1251 apostolus

1053 1259 1210 1292 Iohannes
1237 1258 1380 1297 dictavit,

1006 1308 1096 1342 Iesus
1126 1306 1404 1351 „Gonsummatum
1430 1302 1497 1338 est‘⁴

1055 1355 1164 1387 statim
1182 1354 1341 1394 recitavit,

1008 1402 1123 1444 Sicque
1146 1411 1238 1435 suum
1263 1401 1410 1443 spiritum

1054 1450 1141 1491 patri
1167 1449 1401 1482 commendavit

1008 1498 1085 1532 Cum
1111 1498 1251 1531 clamore
1277 1497 1394 1539 valido,

1055 1550 1087 1579 et
1110 1547 1157 1579 sic
1182 1545 1366 1587 exspiravit.

1007 1623 1169 1657 Moriente
1192 1622 1330 1656 Domino

1052 1674 1142 1704 terra
1167 1669 1397 1710 contremebat,

1006 1719 1242 1754 scindebantur
1266 1718 1404 1760 lapides,

1054 1767 1103 1801 sol
1124 1768 1233 1800 lumen
1259 1766 1438 1809 claudebat,

1005 1815 1227 1856 Resurgebant
1251 1815 1379 1855 mortui,

1054 1864 1192 1904 populus
1215 1864 1389 1904 maerebat,

1006 1912 1121 1945 Velum
1144 1913 1258 1953 templi
1283 1913 1417 1944 scissum
1441 1914 1499 1953 est,

1052 1961 1128 1993 luna
1152 1969 1215 1993 non
1240 1960 1378 1993 lucebat.

1008 2038 1041 2072 Si
1066 2037 1266 2071 insensibilia

1055 2088 1102 2120 sic
1128 2085 1371 2126 compatiantur,

1006 2135 1052 2169 Et
1074 2135 1107 2167 in
1132 2137 1236 2167 morte
1261 2132 1392 2165 Domini

1055 2182 1182 2223 lapides
1207 2182 1405 2221 scindantur,

1010 2231 1212 2265 Erubescant
1234 2229 1390 2269 homines,

1058 2279 1111 2320 qui
1137 2288 1200 2311 non
1227 2277 1466 2319 contristantur,

1011 2328 1096 2363 Dum
1121 2327 1227 2359 obisse
1251 2324 1422 2358 Dominum

1057 2377 1163 2409 Iesum
1187 2373 1395 2408 meditantur.

1311 2427 1369 2457 11*
