1651 2606
721 89 978 125 -142—

209 189 240 222 3.
267 187 381 220 Nullus
407 190 534 230 quidem
557 189 628 221 istis
653 187 748 220 fidem
889 188 919 220 6.
946 185 1058 217 Prima
1081 194 1198 225 parens
1224 184 1318 225 spina
1343 193 1455 217 carens

263 236 351 268 Dare
375 240 493 280 posset,
519 237 580 268 nisi
603 237 711 267 nosset
946 232 1000 264 Fit
1025 233 1156 272 spinosa
1179 236 1212 265 et
1234 233 1367 273 nodosa,

310 284 382 316 Hoc
406 293 444 316 ex
468 285 539 324 lege
563 283 681 324 veteri,
993 280 1076 312 Dum
1103 290 1123 312 a
1147 281 1239 320 spina
1264 281 1426 321 pungitur,

266 332 330 363 Per
354 330 480 363 fidelem
506 331 687 363 Gabrielem
946 328 1013 367 Qua
1035 328 1147 360 radice
1169 328 1225 360 illa
1249 328 1318 360 vice

266 378 440 410 Nuntiatur
465 381 497 409 et
520 379 656 409 testatur
946 375 1077 417 Vitiata,
1105 376 1252 415 spineata

314 426 367 458 Sic
393 426 509 457 debere
531 424 611 456 fieri.
993 423 1092 463 Virga
1120 424 1250 463 quaevis
1275 423 1388 455 oritur.

209 485 241 516 4.
268 482 302 514 Si
328 483 375 513 vis
400 482 468 513 nati
491 480 647 513 incarnati
890 482 920 514 7.
947 480 1018 512 Hoc
1042 479 1180 512 frutecto
1205 481 1299 520 spina
1322 482 1407 511 tecto

265 529 355 561 Scire
378 529 517 569 modum,
543 528 640 559 istum
661 527 780 559 nodum
946 527 1022 560 Sine
1045 528 1139 568 spina
1162 528 1195 560 vi
1220 528 1330 560 divina

310 576 481 608 Denodare
504 576 629 615 nesci03
992 576 1079 608 Iesse
1103 576 1212 616 prodit
1238 575 1373 616 virgula,

265 622 328 655 Sed
353 623 414 655 hoc
438 624 527 665 scito,
556 623 640 663 quod
665 622 776 655 audito
945 623 1070 655 Rorans
1094 621 1174 655 flore
1196 632 1278 663 quae
1304 631 1417 655 cruore

264 669 408 702 Salutatu
434 669 607 702 fecundatu
945 670 1066 702 Sanans
1089 673 1219 702 unctum
1236 671 1329 711 spina
1346 673 1499 710 punctum

311 718 408 758 Virgo
433 719 550 758 gaudet
574 718 672 758 regio.
993 718 1093 750 Tersa
1118 719 1230 758 spinae
1254 719 1389 750 macula.

203 776 233 808 5.
262 774 358 814 Virgo
386 775 488 807 credit
514 780 545 806 et
569 774 708 814 oboedit‚
886 777 917 809 8.
942 775 1029 815 Ergo
1055 775 1121 806 nati
1147 776 1201 815 qui
1225 776 1351 816 peccati

260 822 306 853 Et
328 824 364 853 tu
390 822 512 863 credas,
535 831 577 854 ne
601 825 634 853 te
657 822 768 854 laedas
946 821 1065 862 Spinae
1089 831 1207 863 sumus,
1239 824 1351 863 spinae
1377 824 1500 865 dumus,

305 869 446 901 Animali
474 869 622 911 vulnere3
992 870 1085 902 Hanc
1109 878 1276 909 precemur
1300 871 1467 911 virgulam,

259 916 297 947 In
319 917 381 948 hoo
405 926 490 955 sane,
517 917 698 960 christiane,
944 917 990 949 Ut
1014 926 1071 949 nos
1097 920 1205 957 portet
1230 921 1261 949 et
1287 918 1446 950 confortet

260 963 374 995 Fidem
398 974 523 1006 puram,
548 973 612 996 non
635 968 783 996 naturam
944 965 990 996 Et
1013 970 1191 1004 puncturae
1216 965 1328 1005 spinae
1354 966 1454 998 durae

310 1012 396 1051 Opus
423 1015 471 1042 est
495 1012 669 1044 consulere.
993 1013 1124 1045 Omnem
1149 1015 1254 1053 tergat
1278 1013 1445 1046 maculam.

273 1076 352 1104 Orat.
382 1085 434 1104 ms.
459 1077 572 1104 Domus
598 1077 701 1105 Novae
727 1076 818 1105 Lucis
845 1078 917 1105 anni
944 1075 1027 1105 1477.
1075 1077 1144 1106 Cod.
1171 1079 1358 1107 Ultraiectin.
1384 1078 1504 1114 Scriptt.

189 1114 269 1142 Eccl.
290 1111 354 1141 375.
376 1129 412 1133 -
434 1112 459 1148 1,
477 1112 492 1141 1
514 1115 602 1143 Salve
623 1115 718 1152 digne.
740 1131 776 1135 —
797 1115 825 1149 7,
846 1114 864 1143 2
884 1117 918 1144 ut
936 1115 1047 1143 divina.

633 1225 696 1258 143.
726 1227 771 1258 De
790 1227 888 1259 Partu
906 1227 1057 1267 Virginis.

203 1297 233 1329 1.
260 1295 347 1327 Mira
369 1296 431 1328 Dei
459 1297 585 1338 caritas,
886 1300 917 1331 6.
944 1298 1007 1338 Sic,
1033 1299 1128 1331 immo
1154 1299 1302 1331 subtilius

307 1342 393 1374 Deus
418 1344 610 1385 incarnatur,
991 1345 1098 1377 Matre
1121 1356 1184 1378 non
1211 1350 1360 1388 corrupta

258 1390 344 1422 Mira
367 1390 414 1421 rei
439 1391 573 1431 novitas,
941 1392 1029 1424 Deus
1053 1393 1115 1424 Dei
1140 1392 1225 1425 filius

309 1437 405 1477 Virgo
430 1437 676 1478 impraegnatur.
991 1439 1053 1471 Sua
1078 1441 1189 1480 prodit
1210 1444 1321 1482 nupta.

202 1495 234 1527 2.
260 1493 284 1525 O
310 1503 424 1526 novum
453 1494 628 1532 conubium,
884 1499 915 1530 7.
941 1497 1055 1529 Prodit
1080 1498 1229 1538 cogitatio

310 1540 376 1572 Soli
401 1541 492 1573 nubit
516 1542 619 1581 stella,
991 1544 1106 1577 Clausa
1132 1545 1238 1577 cordis
1264 1554 1356 1587 vena,

261 1587 386 1620 Novum
412 1589 626 1629 puerperium,
941 1592 1125 1632 Praegnans
1148 1593 1269 1633 absque
1294 1593 1371 1626 vitio

309 1636 448 1667 Protulit
472 1637 596 1675 puella!
990 1639 1084 1671 Parit,
1107 1640 1176 1672 sine
1199 1650 1316 1680 poena.

205 1694 235 1726 3.
261 1692 390 1732 Moyses
416 1702 478 1732 qua
500 1693 608 1733 iacuit,
884 1698 915 1730 8.
942 1696 1015 1728 Non
1039 1697 1125 1737 perit
1148 1698 1204 1729 lux
1229 1699 1325 1739 oculi,

308 1739 440 1780 Scirpea
463 1739 595 1782 fiscella,
992 1744 1068 1776 Cum
1093 1745 1149 1776 lux
1175 1749 1338 1788 evagatur,

261 1786 300 1818 In
330 1795 391 1826 qua
413 1787 500 1819 Deus
525 1788 628 1829 latuit,
941 1791 1011 1824 Nec
1034 1793 1069 1824 in
1093 1796 1165 1824 ortu
1189 1792 1314 1826 flosculi

309 1834 408 1873 Virgo
433 1843 485 1866 res
509 1836 645 1867 novella.
987 1840 1096 1872 Mater
1123 1839 1306 1876 defloratur.

203 1894 234 1925 4.
261 1891 365 1922 Aures
392 1895 423 1922 et
446 1900 533 1923 mens
559 1892 670 1931 pervia
884 1898 915 1929 9.
945 1895 1091 1929 Candens
1119 1898 1192 1937 plus
1218 1908 1312 1938 quam
1337 1900 1449 1944 lilium,

307 1938 375 1970 Deo
401 1942 475 1970 sunt
498 1940 671 1979 ingressus
990 1944 1134 1976 Vernans
1160 1946 1233 1985 plus
1251 1955 1346 1986 quam
1372 1958 1455 1993 rosa,

260 1984 333 2017 Non
357 1989 466 2026 patent
492 1987 635 2027 vestigia,
943 1991 1045 2023 Tuum
1071 2001 1128 2024 ora
1152 1992 1262 2034 filium,

308 2033 427 2072 Quibus
453 2036 500 2065 est
526 2043 680 2075 egressus.
991 2039 1087 2080 Virgo
1112 2041 1268 2085 speciosa,

202 2092 233 2124 5.
261 2089 349 2121 Sicut
374 2091 490 2121 vitrum
514 2091 605 2123 radio
872 2097 926 2129 10.
941 2096 991 2127 Ne
1016 2100 1090 2136 post
1113 2101 1248 2130 mortem
1275 2101 1385 2141 puniat

309 2137 391 2169 Solis
415 2141 611 2178 penetratur,
987 2143 1054 2176 Nos
1078 2145 1197 2178 inferni
1220 2156 1333 2190 poena,

259 2185 340 2217 Inde
365 2188 469 2217 tamen
494 2186 591 2218 laesio
943 2191 1007 2223 Sed
1032 2196 1136 2224 tecum
1161 2194 1288 2227 reficiat

309 2232 398 2265 Vitro
424 2234 511 2265 nulla
537 2234 647 2267 datur:
990 2240 1184 2281 Angelorum
1212 2251 1299 2276 cena.

265 2298 345 2326 Orat.
377 2308 430 2327 ms.
457 2300 569 2345 Domus
593 2302 697 2329 Novae
722 2302 810 2331 Lucis
838 2305 907 2331 anni
936 2303 1020 2332 1477.
1066 2306 1138 2334 eod.
1163 2309 1352 2337 Ultraiectin.
1380 2310 1503 2347 Scriptt.

188 2337 257 2365 Ecc.
285 2334 349 2365 375.
373 2353 411 2357 —-
440 2337 465 2372 1,
484 2336 502 2367 3
527 2348 603 2367 mira
621 2340 686 2367 Dei.
707 2354 745 2359 —
765 2338 791 2376 3,
813 2339 831 2370 3
850 2342 937 2379 Aqua
957 2344 1047 2372 Deus.
1071 2361 1104 2365 —
1124 2344 1151 2381 4,
1175 2345 1190 2373 1
1212 2349 1342 2383 praevia.
1363 2364 1399 2368 —
1423 2348 1467 2383 10,
1485 2348 1504 2379 3

189 2378 283 2403 tecum
307 2384 370 2403 nos.
414 2392 430 2396 —
454 2378 514 2404 Vor
528 2377 584 2404 Str.
606 2376 620 2404 1
643 2377 777 2406 befinden
797 2381 860 2408 sich
880 2382 912 2409 in
933 2381 984 2409 der
998 2383 1051 2410 Hs.
1069 2385 1141 2412 zwei
1156 2384 1311 2421 Strophen,
1333 2386 1380 2414 die
1394 2396 1503 2425 augen-
