1651 2606
216 1469 272 1501 10.

212 1939 266 1974 11.

752 96 982 136 —59-—

267 217 274 223 .
302 191 394 224 Solus
421 201 478 232 ego
504 202 567 226 non
591 196 735 238 peccavi,

301 238 397 272 Stans
421 240 456 272 in
481 249 577 273 eruce
599 243 754 286 laboravi,

301 286 363 319 Pro
388 287 539 329 indignis,
567 299 645 329 quos
671 291 787 332 amavi,

349 332 482 367 Perfero
509 337 686 380 supplici23

301 381 385 415 Fero
411 385 546 415 mortem
571 393 630 423 pro
656 385 807 428 gravatis,

301 428 362 467 Qui
387 434 561 462 nascuntur
584 431 617 463 in
644 432 794 473 peccam,

299 476 364 509 Sed
386 477 526 509 libenter
551 476 619 510 fero
645 480 755 519 gratis,

348 524 399 556 Ne
423 524 592 566 priventur
617 526 729 567 gloria.

268 645 274 652 .
302 618 376 657 Vos,
406 620 525 659 captivi
551 620 721 662 transitivi,

299 666 376 700 Sitis
401 666 479 698 mihi
506 668 707 709 compassivi‚

300 714 521 747 Lacrimarum
547 718 707 756 tamquam
733 717 795 748 rivi

349 761 420 794 Sint
444 762 477 793 in
503 763 618 795 vestris
644 764 755 804 oculis,

300 808 355 841 Me
378 809 526 842 videntes
550 810 614 842 huo
635 811 753 852 venite,

301 857 392 889 Passi
417 866 538 889 meeum
565 858 645 890 haec
670 860 796 901 sentite,

299 905 502 937 Pertransire
526 914 577 937 me
602 906 702 939 nolite

348 953 480 985 Passum
510 953 662 985 membris
688 953 831 995 singulis.

266 1075 272 1081 .
300 1048 478 1081 Insolentes
506 1048 660 1089 effrenati,

301 1095 415 1128 Gordis
442 1095 536 1127 nimis
560 1096 715 1136 indurati,

299 1142 355 1175 Me
378 1153 438 1183 pro
461 1143 553 1176 vobis
577 1142 658 1175 facit
681 1143 750 1183 pati

346 1190 490 1222 Maxima
515 1190 711 1233 compassio3

298 1240 396 1271 Porto
422 1246 541 1278 poenas
568 1247 626 1277 pro
651 1240 803 1278 peecatiS,

299 1287 383 1325 Quas
408 1288 540 1326 portare
567 1285 743 1326 debebatis,

296 1332 379 1366 Nam
406 1342 465 1373 pro
490 1333 581 1365 vobis
607 1334 654 1365 sio
677 1333 811 1374 ingratis

347 1379 525 1414 Crucifixus
551 1381 633 1413 sitio.

298 1467 381 1500 Mihi
407 1467 460 1507 qui
487 1467 733 1510 compatiuntur,

295 1516 341 1548 Et
364 1515 397 1547 in
425 1515 547 1547 eunetis
573 1514 799 1556 obsequuntur,

293 1562 443 1596 Exaltari
467 1562 673 1595 laetabuntur

343 1610 472 1643 Mecum
499 1611 533 1642 in
560 1610 769 1651 caelestibus3

296 1658 356 1698 Qui
369 1668 430 1691 non
442 1659 828 1700 creduntnecattendunt,

295 1707 360 1740 Sed
384 1707 529 1739 ridentes
553 1706 765 1749 vilipendunt,

294 1755 390 1787 Tales
416 1754 458 1787 ad
482 1754 643 1787 infernum
669 1755 815 1793 tendunt,

341 1802 480 1835 Stabunt
513 1811 585 1834 oum
610 1802 828 1837 daemonibus.

445 1888 568 1917 Homo.

295 1941 320 1973 O
346 1937 419 1972 fons
445 1938 547 1971 omnis
572 1936 659 1978 boni,
684 1936 785 1980 Deus,

294 1986 378 2027 Iesu,
410 1986 513 2020 dulcis
537 1995 627 2019 amor
652 1994 751 2026 meus,

294 2037 402 2077 Quare
425 2035 551 2076 pendes
576 2034 666 2067 velut,
689 2042 764 2066 reus

344 2085 381 2117 In
407 2084 469 2117 hac
496 2082 599 2115 erucis
624 2081 769 2114 arbore?

296 2133 385 2165 Esne
409 2131 524 2163 summi
550 2130 705 2162 creatoris

293 2180 418 2220 Proles,
447 2187 576 2211 consors
601 2180 633 2209 et
656 2178 783 2219 amoris,

295 2230 374 2263 Cum
400 2228 450 2259 his
468 2235 606 2267 regnans
627 2225 708 2257 caeli
726 2226 831 2258 choris

340 2276 492 2308 Nondum
518 2273 605 2306 facto
630 2272 800 2315 tempore?

911 245 964 280 12.

907 710 960 742 13.

908 1117 962 1149 14.

909 1526 960 1558 15.

902 1938 958 1971 16.

1119 196 1298 224 Christus.

993 246 1091 277 Amor
1117 249 1189 277 tuus
1214 253 1266 276 me
1288 246 1436 285 impellit,

992 292 1092 324 Immo
1117 293 1198 324 mori
1224 301 1274 323 me
1300 293 1461 332 compellit

991 340 1128 380 Propter
1153 341 1287 382 gustum,
1316 340 1368 379 qui
1393 338 1510 372 fefellit

1039 387 1133 428 Ligni
1157 390 1190 418 te
1214 387 1386 429 scientiae3

992 434 1072 466 Nam
1101 442 1169 465 cum
1196 442 1296 466 essem
1322 434 1504 474 aeternalis,

990 481 1060 514 Neo
1085 491 1148 514 non
1173 482 1258 523 patri
1286 481 1474 521 coaequalis,

991 529 1053 561 Pro
1079 533 1111 561 te
1136 528 1239 561 faetus
1261 538 1329 560 sum
1355 529 1499 560 mortalis

1037 577 1223 609 Recordans
1249 576 1445 609 elementiae.

1148 661 1273 688 Homo.

993 708 1017 741 O
1043 709 1176 749 abyssus
1201 710 1341 749 pietatis,

992 755 1067 794 Quis
1093 765 1151 796 pro
1177 758 1285 789 tantae
1311 757 1456 788 caritatis

989 803 1083 835 Dono
1106 806 1141 834 te
1163 803 1310 835 laudabit
1334 804 1414 835 satis

1038 851 1075 882 In
1099 851 1162 883 isto
1188 850 1324 882 exsilio?

990 897 1014 929 Ο
1040 900 1164 930 amator
1186 898 1239 936 mi,
1267 898 1391 929 sineere

989 944 1057 977 Fae
1080 953 1132 976 me
1157 945 1252 986 digne
1278 948 1381 976 tecum
1405 943 1492 984 flere,

988 992 1035 1025 Ut
1059 995 1244 1032 regnantem
1270 994 1302 1023 te
1328 991 1437 1023 videre

1038 1039 1126 1072 Caeli
1149 1038 1269 1079 possim
1294 1038 1384 1072 solio.

990 1114 1107 1148 Grates
1133 1115 1191 1147 tibi
1217 1115 1378 1153 salvatori,

991 1164 1050 1203 Qui
1077 1163 1218 1202 dignaris
1244 1172 1302 1203 pro
1328 1171 1379 1194 me
1403 1162 1493 1202 mori,

986 1211 1080 1244 Assis
1105 1213 1159 1242 tuo
1185 1210 1346 1242 laudatori

1034 1259 1206 1291 illustrans
1230 1266 1289 1297 per
1313 1257 1467 1298 gratiam3

986 1306 1070 1347 Iesu,
1094 1305 1196 1346 patris
1223 1314 1241 1337 o
1266 1305 1387 1345 sophia,

987 1353 1048 1392 Qui
1073 1362 1105 1385 es
1129 1355 1222 1384 natus
1248 1352 1288 1384 de
1311 1351 1431 1394 Maria,

988 1400 1080 1432 Vitae
1107 1400 1171 1432 dux
1196 1401 1250 1440 εἰς,
1277 1400 1331 1440 qui
1357 1408 1389 1431 es
1417 1400 1476 1440 via,

1034 1448 1120 1488 Quae
1147 1447 1235 1480 ducit
1258 1447 1300 1479 ad
1324 1447 1472 1488 patriam.

987 1525 1033 1557 Te
1060 1533 1165 1566 exor0,
1192 1524 1265 1556 Iesu
1291 1523 1381 1566 bone,

982 1573 1165 1613 Fatigatum
1191 1573 1222 1604 in
1248 1579 1358 1612 agone,

984 1620 1093 1653 Mores
1118 1628 1205 1652 meos
1230 1619 1277 1651 sio
1303 1628 1465 1659 compone,

1032 1668 1077 1701 Ut
1101 1676 1231 1700 securus
1255 1668 1393 1706 moriar3

986 1717 1010 1749 O
1043 1715 1149 1748 vitalis
1175 1715 1343 1758 medleina‚

984 1766 1103 1797 Aurem
1127 1763 1205 1795 mihi
1231 1772 1315 1794 nuno
1339 1763 1458 1794 inclina

984 1811 1028 1845 Et
1051 1821 1103 1843 me
1127 1819 1236 1844 serves
1260 1820 1281 1843 a
1302 1810 1405 1853 ruina,

1031 1859 1082 1892 Ne
1106 1862 1213 1892 mente
1239 1858 1410 1891 concutiar.

986 1938 1011 1971 O
1030 1939 1154 1969 amator
1178 1935 1408 1979 amplectendo,

985 1985 1031 2018 Te
1055 1985 1087 2017 in
1115 1992 1208 2025 cruce
1232 1983 1284 2015 hic
1309 1984 1442 2016 ostonde

986 2033 1032 2066 Et
1054 2033 1094 2065 ab
1116 2032 1208 2064 hoste
1231 2040 1284 2063 me
1308 2030 1456 2070 defende,

1033 2081 1085 2113 Ab
1111 2080 1250 2113 latrante
1274 2078 1438 2120 nequiter3

986 2130 1010 2162 O
1037 2128 1183 2169 benigne,
1209 2131 1285 2159 tunc
1309 2128 1453 2159 iuvamen

986 2176 1069 2209 Mihi
1093 2179 1224 2217 praesta
1250 2178 1281 2206 et
1305 2174 1455 2215 solamen,

987 2225 1053 2264 Quo
1071 2225 1112 2257 ad
1130 2224 1251 2255 eaelum
1269 2222 1377 2261 vehar,
1400 2222 1512 2263 Amen,

1034 2273 1087 2304 Ad
1112 2271 1296 2305 laetandum
1321 2269 1446 2309 iugiter.

274 2363 355 2391 Orat.
386 2370 441 2390 ms.
469 2368 546 2388 saec.
570 2357 614 2387 15.
648 2358 717 2387 Cod.
738 2358 834 2387 Palat.
855 2358 1063 2387 Vindobonen.
1086 2354 1161 2385 4106
1181 2357 1215 2384 A.
1236 2370 1273 2374 —
1295 2355 1367 2383 Orat:
1386 2362 1440 2381 ms.
1461 2354 1514 2381 Te-

196 2402 336 2439 gurinum
357 2402 429 2429 anni
452 2397 535 2429 1466.
559 2398 632 2426 Olm.
652 2397 807 2426 Monaeen.
831 2395 937 2426 19991.
958 2397 992 2424 B.
1012 2410 1049 2415 —-
1073 2394 1116 2430 15,
1139 2393 1155 2422 6
1178 2394 1252 2422 mihi
1272 2396 1342 2421 tune
1361 2393 1393 2421 B.
