1651 2606
753 89 1013 128 —135—

232 186 264 219 3.
291 185 516 228 Archangelus
541 188 735 231 regreditur,

343 235 402 274 Qui
428 235 516 267 venit
540 236 621 269 haee
645 245 789 276 narrare,

293 280 340 313 Et
364 283 500 322 gravida
524 284 717 325 relinquitur

343 330 460 363 Puella
483 331 554 363 sine
577 341 665 374 pare,

343 378 368 411 O
396 378 493 410 decus
519 379 693 420 singulare,

296 424 393 466 Virgo
418 431 522 459 mater
547 426 694 464 efficitur,

292 472 427 506 Creator
453 476 511 514 est,
538 475 592 513 qui
616 474 756 515 gignitur

340 520 386 553 Et
410 520 472 553 Dei
497 522 654 561 salutare3

340 569 366 601 O
392 571 505 608 peetus
529 569 702 610 singulare,

292 615 477 648 Thesaurus
502 617 538 648 in
561 619 594 648 te
619 616 747 658 tegitur,

294 662 421 695 Virtute
448 664 535 696 cuius
561 665 683 705 regitur

343 711 484 753 Caelum,
509 712 605 744 tellus
632 715 663 744 et
690 720 788 743 mare.

234 769 267 800 4.
292 767 415 809 Magna
436 771 511 801 suut,
535 770 615 801 haee
636 769 801 808 miracula,

339 818 428 857 Quae
451 820 585 850 manant
610 825 650 849 ex
676 825 793 856 amore,

291 864 376 896 Dum
401 865 492 905 virgo
519 865 613 897 sumit
638 864 781 908 verbula,

292 911 487 944 Frondesoit
511 913 621 945 Aaron
646 912 773 952 virgula

341 960 435 992 Omni
458 968 570 992 carens
594 960 737 998 humore,

340 1008 384 1039 Et
409 1007 511 1039 vellus
537 1007 644 1039 madet
670 1015 753 1048 rore,

294 1053 364 1086 Nec
388 1057 507 1086 terram
532 1054 636 1094 tangit
660 1053 792 1093 stillula,

293 1102 378 1134 Dum
402 1103 495 1142 virgo
521 1102 590 1134 siue
614 1102 740 1134 macula

338 1149 485 1181 Meretur
509 1152 612 1182 mater
636 1149 718 1182 fore.

924 193 953 224 5.
980 189 1067 222 Mira
1090 189 1203 222 matris
1227 189 1396 230 integritas

1029 238 1066 270 In
1091 240 1204 269 ventre
1227 236 1330 269 Deum
1357 238 1452 279 vexit,

980 284 1026 317 Et
1048 285 1169 318 subolis
1196 285 1347 317 divinitas

1028 334 1215 365 Portantem
1238 341 1274 364 se
1297 333 1450 373 protexit,

1028 380 1090 412 Pro
1115 380 1206 413 nobis
1232 389 1268 413 se
1292 380 1439 421 despexit

982 427 1065 460 Vera
1087 427 1147 460 Dei
1173 428 1362 468 sublimitas,

980 475 1065 507 Dum
1089 474 1268 507 infirmatur
1289 477 1419 516 sanitas,

1030 523 1117 562 Quae
1140 523 1221 554 mori
1244 532 1308 555 non
1333 523 1486 564 neglexit,

1028 569 1103 610 Sed,
1131 571 1256 610 quando
1280 570 1470 611 resurrexit,

980 617 1066 650 Vera
1090 618 1222 657 patebat
1247 619 1363 661 deitas,

979 664 1025 697 Et
1048 664 1096 697 sie
1120 665 1275 705 probatur
1300 665 1427 707 caritas,

1028 713 1096 752 Qua
1119 712 1207 745 Deus
1230 722 1287 745 nos
1316 713 1438 747 dilexit.

945 794 953 802 .
980 768 1078 809 Virgo
1102 773 1209 802 mente
1233 770 1414 810 purissima,

1026 816 1073 848 Te
1097 826 1170 849 reus
1197 817 1272 850 hino
1296 818 1430 860 honoro,

978 864 1041 896 Dei
1064 867 1169 896 mater
1194 865 1382 905 castissima,

1028 911 1123 943 Virili
1150 920 1262 944 carens
1286 913 1391 952 thore,

1027 958 1074 990 Te
1097 959 1263 998 postulans
1289 968 1394 1002 exor0‚

979 1006 1035 1045 Ut,
1063 1014 1143 1046 quae
1168 1005 1240 1049 feci,
1268 1007 1463 1045 nequissima

980 1053 1148 1085 Pellantur
1174 1056 1205 1085 et
1229 1054 1425 1096 turpissima,

1026 1100 1079 1132 Ne
1097 1100 1198 1133 hostis
1223 1102 1340 1144 trahat,
1369 1110 1435 1142 oro,

1028 1147 1229 1189 Gondonans,
1256 1148 1341 1188 quod
1364 1149 1486 1190 ignoro,

638 1206 693 1239 Ad
718 1206 836 1247 gaudia
860 1205 1038 1238 clarissima

635 1254 703 1286 Nos
728 1253 880 1294 transfer,
907 1252 1103 1294 beatissima,

679 1301 818 1342 Iungens
846 1301 974 1333 caelesti
1001 1301 1106 1333 choro.

296 1367 376 1395 Orat.
398 1375 452 1395 ms.
471 1368 585 1395 Domus
606 1367 709 1395 Novae
729 1367 819 1395 Lucis
841 1368 913 1395 anni
935 1365 1017 1394 1477.
1035 1366 1103 1394 Cod.
1115 1366 1301 1395 Ultraieetin.
1316 1365 1435 1402 Scriptt.
1449 1366 1531 1394 Eecl.

216 1403 282 1433 375.
304 1419 341 1426 -
362 1405 420 1433 Str.
444 1403 458 1432 1
479 1405 551 1442 geht
569 1405 690 1433 vorher:

671 1454 756 1487 Vale,
776 1454 835 1481 Dei
854 1455 997 1490 genetrix,

675 1492 767 1528 Virgo
785 1492 1024 1527 inaestimabilis,

673 1530 757 1564 Vale,
778 1530 913 1559 caelestis
934 1532 1030 1566 pietas

673 1568 716 1596 Et
734 1570 854 1604 pietatis
876 1569 993 1602 caritas,

673 1606 725 1635 Sic
745 1604 782 1643 [1:
804 1604 864 1644 Sis]
883 1608 963 1635 servi
983 1608 1036 1641 tui,
1057 1606 1205 1642 deprecor,

673 1645 819 1674 Immeriti
838 1654 898 1674 non
917 1643 1002 1680 (esto)
1021 1646 1182 1672 immemor.

660 1767 721 1799 135.
755 1767 791 1798 In
811 1766 1004 1799 visitatione
1024 1765 1112 1798 BMV.

225 1842 255 1876 1.
282 1840 387 1885 Salve,
421 1850 439 1873 o
465 1838 636 1873 fructifera
660 1839 780 1880 palma,

286 1890 455 1930 Virginum
482 1889 589 1929 decus,
616 1891 726 1920 mater.
744 1887 838 1931 alma,

287 1938 375 1978 Quae
401 1937 551 1970 castitate
574 1934 683 1969 floruit

285 1987 331 2019 Et
353 1987 441 2019 vitae
466 1984 606 2018 fructum
630 1984 776 2027 protulit.

227 2048 259 2079 2.
286 2045 391 2089 Salve,
419 2048 455 2077 tu
479 2045 572 2084 virga
598 2044 721 2083 Aaron,

286 2095 374 2134 Quae
399 2096 432 2125 et
455 2091 602 2125 fronduit
625 2092 660 2123 in
684 2089 772 2132 Sion,

284 2142 485 2176 obumbrata
510 2139 550 2172 ab
577 2139 745 2179 altissimo,

283 2191 425 2231 Irrigata
451 2188 570 2229 spiritu
594 2191 716 2219 sancto.

224 2252 256 2285 3.
284 2248 392 2291 Salve,
417 2247 513 2279 iubar
537 2244 733 2285 aethereum,

284 2298 457 2331 illustrans
484 2302 577 2326 omne
601 2292 774 2335 saeculum,

283 2345 354 2379 Tua
377 2343 579 2385 praecellens
606 2341 736 2373 claritas

285 2393 387 2426 Nobis
416 2392 491 2425 diva
515 2388 709 2423 iucunditas.

917 1840 951 1872 4.
977 1838 1083 1878 Salve,
1112 1838 1180 1870 dies
1205 1838 1373 1880 hodierna,

975 1886 1083 1928 Digna
1106 1886 1204 1919 laude
1228 1887 1435 1926 sempiterna,

975 1935 1044 1974 Qua
1069 1934 1212 1967 visitavit
1236 1934 1353 1973 Maria,

973 1983 1040 2016 Per
1063 1992 1157 2024 quam
1182 1985 1273 2023 patet
1299 1983 1384 2015 vitae
1410 1981 1472 2014 via.

942 2066 948 2072 .
976 2039 1082 2082 Salve,
1109 2040 1277 2081 virginalis
1302 2042 1406 2081 porta,

975 2088 1027 2122 De
1052 2098 1115 2129 qua
1137 2097 1223 2122 nova
1246 2089 1303 2120 lux
1327 2090 1375 2119 est
1399 2089 1481 2127 orta,

976 2136 1068 2170 Siout
1088 2138 1185 2169 stella
1208 2136 1366 2168 matutina

975 2184 1112 2225 Lucens,
1139 2184 1222 2217 sicut
1247 2184 1303 2215 lux
1330 2182 1448 2215 divina.

942 2268 949 2275 .
976 2241 1082 2282 Salve,
1109 2243 1163 2283 pia
1188 2240 1360 2282 visitatrix,

976 2290 1116 2323 Nostrae
1141 2289 1255 2322 salutis
1282 2287 1429 2329 amatrix,

976 2338 1118 2371 Visitare
1146 2346 1203 2370 nos
1231 2337 1374 2377 dignare,

976 2387 1027 2420 Tu
1051 2387 1125 2428 seis,
1153 2385 1256 2419 duleis
1282 2387 1395 2427 mater,
1427 2392 1534 2424 quare.
