1651 2606
674 84 929 121 -138—a-

161 189 193 223 3.
220 189 245 222 Ο
269 190 354 228 Iesu,
379 191 412 220 te
438 186 601 219 carissima

267 237 373 268 Mater
396 234 554 274 educavit,

221 284 319 324 Virgo
345 281 559 315 sacratissima

266 331 366 363 Lacte
390 338 446 361 suo
471 328 570 369 pavit,

221 378 318 417 Quam
344 377 445 408 virtus
471 374 617 406 altissimi

268 425 344 457 Sola
368 421 561 462 fecundavit,

221 472 275 504 Sic
298 473 334 503 ut
353 473 455 502 mater
479 467 582 510 fieret,

269 519 354 557 Quae
378 517 467 557 virgo
493 514 631 547 duravit.

163 595 194 628 4.
221 594 307 633 Quae
331 594 477 632 putamus
502 590 645 630 praemia

267 641 438 672 Parentum
461 637 600 677 fuerunt,

220 688 306 727 Quae
330 687 381 719 vel
408 689 524 726 quanta
548 684 670 726 gremia

263 736 348 768 Fore
372 734 550 775 valuerunt,

218 782 305 821 Quae
327 784 449 813 tantum
475 779 667 812 infantulum

265 829 366 861 Ferre
391 830 573 861 meruerunt

217 878 315 917 Quem
341 877 430 916 caeli,
456 880 544 907 terra
569 882 684 915 capere

264 924 470 965 Nequaquam
496 922 684 962 potuerunt!

162 1002 192 1034 5.
220 1000 344 1039 Quanta
364 1002 438 1030 sunt
460 1000 630 1039 praeconia

264 1047 380 1079 Matris
405 1046 570 1088 gloriosae,

224 1093 320 1126 Cuius
340 1094 425 1125 sacri
451 1093 542 1133 digiti

268 1141 445 1181 Manusque
470 1138 629 1172 formosae

219 1189 372 1220 Tractare
396 1191 429 1219 te
453 1188 592 1228 gestiunt

266 1236 405 1268 Multum
430 1235 564 1276 curiose,

222 1282 305 1314 Prae
328 1281 403 1314 filiis
428 1282 589 1315 hominum

266 1331 339 1362 Iesu
363 1330 523 1370 speciose!

504 1406 535 1438 9.
561 1405 624 1438 Ubi
651 1406 740 1437 mille
763 1406 851 1438 milia

611 1452 684 1485 Tibi
710 1454 881 1485 electorum

561 1500 606 1531 Et
631 1503 764 1532 centena
787 1500 876 1532 milia

845 183 875 215 6.
901 180 1084 213 Humanum
1107 178 1278 219 imperium

948 227 1042 259 Nunc
1067 229 1117 259 est
1142 228 1312 260 dilatatum

901 275 970 308 Nec
994 274 1114 307 sanctis
1136 275 1177 307 ab
1203 274 1328 314 angelis

948 323 1045 355 Ultra
1069 322 1271 361 minoratum,

903 370 980 404 Cum
1005 372 1128 402 tantum
1154 369 1341 409 mysterium

949 418 1090 452 Verbum
1113 417 1314 449 incarnatum

901 467 970 499 Iam
996 466 1097 498 visum
1123 467 1172 496 est
1196 464 1296 497 oculis

946 513 992 545 Et
1015 512 1160 545 manibus
1186 513 1370 544 tractatum.

867 617 874 625 .
903 590 928 624 Ο
951 599 1068 630 parens
1094 588 1297 621 sanctissima

947 638 1010 669 Tui
1035 637 1210 670 conditoris

899 685 944 718 Et
967 685 1070 717 nostri
1095 684 1277 724 gratissima

948 732 1066 764 Nutrix
1091 732 1272 771 salvatoris,

901 781 1058 819 Quantum
1084 779 1144 810 tibi
1167 780 1317 811 debemus

947 827 1069 859 Laudis
1095 829 1128 858 et
1151 826 1294 865 honoris,

900 875 991 916 Quod
1017 883 1074 907 nos
1099 874 1143 906 ad
1166 875 1250 906 hanc
1274 875 1409 915 gloriam

947 922 1085 954 Duxeris
1107 922 1242 954 amoris!

867 1025 873 1032 .
900 997 986 1037 Iesu,
1014 1000 1067 1039 qui
1091 1008 1148 1031 nos
1174 999 1280 1031 colere

946 1046 1101 1078 Parentes
1125 1046 1256 1089 iussisti,

903 1094 965 1133 Qui
983 1094 1067 1126 hane
1090 1094 1352 1134 benignissimam

949 1142 1088 1173 Matrem
1115 1141 1249 1183 elegisti,

902 1188 952 1221 Tu
975 1193 1106 1221 nostrae
1129 1189 1268 1229 inopiam

949 1235 1071 1269 Laudis
1092 1236 1297 1279 supplevisti‚

901 1284 986 1316 Dum
1011 1285 1058 1315 sic
1082 1286 1170 1316 tuum
1194 1284 1370 1317 thalamum

947 1331 1001 1362 Ad
1032 1331 1164 1363 aethera
1187 1333 1362 1371 sumpsisti.

610 1547 776 1580 Assistunt
800 1549 994 1590 angelorum,

565 1594 622 1633 Qui
648 1595 681 1626 in
706 1596 770 1627 suis
798 1595 938 1635 citharis,

610 1643 743 1681 Organis
769 1646 959 1681 sanctorum,

560 1690 698 1721 Mariam
723 1689 903 1730 glorificant

606 1738 645 1770 In
671 1738 799 1770 saecula
825 1740 1033 1774 saeculorum.

228 1819 301 1847 Orat
318 1827 372 1846 ms.
392 1819 579 1848 Lehninonse
599 1822 669 1849 anni
691 1819 773 1850 1518.
796 1821 865 1850 Cod.
885 1823 1044 1852 Ber-olinen
1062 1825 1117 1853 IV⁰
1138 1824 1184 1853 29.
1211 1841 1247 1846 -—
1268 1824 1297 1861 8,
1317 1826 1335 1855 5
1356 1830 1460 1856 nostri.

509 1967 570 1999 138.
604 1969 646 2000 De
665 1969 765 2002 Partu
783 1969 899 2002 beatae
919 1971 1038 2004 Mariae
1057 1973 1095 2005 V.

167 2070 198 2101 1.
226 2067 404 2100 Salutemus
429 2071 613 2101 reverenter

223 2115 284 2147 Dei
310 2118 454 2155 matrem,
481 2124 573 2155 quam
597 2117 746 2150 decenter

273 2163 431 2195 Salutavit
455 2164 595 2205 angelus,

221 2210 288 2249 Qua
312 2211 416 2243 salute
439 2210 532 2243 modo
557 2212 638 2243 miro

223 2257 419 2291 Gravidatur
443 2259 511 2290 sine
537 2259 605 2291 viro

271 2306 348 2338 Eius
373 2315 465 2338 sacer
488 2309 606 2341 uterus,

846 2074 877 2105 2.
903 2074 984 2113 Ave,
1011 2078 1123 2119 mater,
1149 2077 1239 2118 virgo
1262 2087 1353 2118 pura,

903 2121 955 2152 Ex
979 2131 1042 2162 qua
1067 2122 1171 2156 factus
1196 2129 1346 2159 creatura

951 2168 995 2200 Et
1021 2174 1146 2204 creator
1171 2173 1329 2218 omnium3

905 2216 929 2248 O
956 2225 1049 2256 quam
1072 2219 1155 2251 mira
1178 2221 1335 2261 genitura,

905 2263 969 2295 Sed
995 2266 1029 2297 in
1055 2267 1159 2299 carnis
1184 2269 1246 2300 hac
1270 2272 1386 2303 natura

976 2312 1066 2346 Nihil
1090 2314 1188 2347 habet
1212 2317 1388 2356 proprium.
