1653 2608
706 107 964 145 *211—

255 203 423 234 Laborante
443 207 584 234 universa
598 206 830 235 Conimbrieensi
851 207 971 234 civitate
990 205 1167 243 gravissima
1185 209 1268 242 peste
1286 208 1383 243 coepit
1397 209 1426 234 et
1439 207 1488 235 hic

178 242 261 270 locus
282 243 365 278 (puta
384 246 594 273 monasterium
615 254 747 273 sororum
767 245 796 273 S.
812 244 924 279 Clarae,
947 253 1022 281 quae
1034 244 1215 271 Urbanistae
1235 244 1380 280 dicuntur)
1398 245 1488 273 infici.

177 280 311 317 Cumque
337 282 470 310 abatissa
489 283 573 311 daret
593 292 726 320 operam,
754 286 788 310 ut
807 292 921 311 sorores
942 284 1000 311 sibi
1021 282 1171 311 subiectae
1190 282 1249 309 alio
1270 284 1489 317 transferentur,

174 321 209 346 ut
228 320 277 347 vel
297 322 341 348 sic
360 323 483 348 mortem
505 322 629 350 evadere
649 323 782 358 possent,
804 320 898 349 adfuit
918 330 953 349 ex
972 323 1120 358 insperato
1142 320 1299 356 mendicus,
1322 323 1373 357 qui
1393 321 1430 348 ab
1452 330 1487 349 ea

174 359 275 386 tantae
297 359 440 386 tristitiae
461 362 490 387 et
509 360 718 388 sollicitudinis
739 368 857 387 eausam
879 361 1031 387 sciscitans
1053 361 1141 395 atque
1161 359 1267 386 certior
1283 359 1318 387 <le
1330 359 1377 387 his
1393 359 1487 387 factus

175 396 409 425 membranulam
431 399 458 425 ei
478 400 610 434 porrexit
630 399 786 435 inquiens:
809 398 841 426 Si
861 399 1018 431 curaveris,
1038 399 1072 424 ut
1086 397 1254 433 Antiphona
1273 399 1303 425 et
1316 397 1416 425 Oratio
1434 397 1490 424 hac

170 435 203 461 in
233 434 369 463 chartula
389 437 501 472 scripta
521 437 646 473 singulis
670 436 772 464 (liebus
793 436 977 471 decantetur,
1003 436 1052 463 hic
1071 435 1153 462 locus
1173 436 1310 463 immunis
1332 436 1449 463 omnino
1471 443 1489 462 a

171 475 255 508 peste
283 475 353 510 erit3
380 473 486 509 hisque
513 474 598 502 dictis
626 475 753 502 evanuit.
794 473 1012 502 Existimarunt
1040 482 1154 501 sorores
1181 473 1350 501 huiusmodi
1377 472 1487 500 mendi-

170 518 237 538 cum
265 512 357 540 fuisse
383 520 406 539 s.
427 512 693 540 Bartholomaeum.
735 511 884 547 Quidquid
905 515 1004 540 tamen
1023 512 1076 546 sit,
1097 511 1219 539 indubia
1238 520 1284 539 res
1305 514 1358 547 est,
1382 519 1486 538 coeno-

174 549 255 577 bium
280 559 315 578 ex
337 558 370 578 eo
391 552 523 585 tempore
543 550 580 578 ab
602 551 681 577 omni
703 550 843 585 pestifera
863 550 918 585 lue,
943 549 1174 578 Conimbrieensi
1195 551 1283 577 etiam
1303 551 1424 577 civitate
1443 550 1488 576 in-

173 587 258 621 fecta,
282 588 409 616 liberum
428 589 527 615 fuisse.

252 627 335 654 Nach
357 626 414 653 Str.
443 624 460 653 2
479 626 579 662 folgen
596 627 628 653 in
649 626 713 654 dem
733 627 871 654 Breviere
890 626 966 654 noch
986 627 1034 655 die
1053 626 1171 653 Worte:
1199 626 1223 654 O
1243 627 1380 662 piissima
1402 625 1490 652 stella

173 665 277 698 maris,
307 673 325 691 a
352 665 433 700 peste
461 673 597 692 succurre
621 665 720 697 nobi53
752 664 831 692 daun
851 665 899 692 die
918 665 1011 693 Verse
1031 664 1081 692 der
1101 663 1235 700 Sequenz
1254 665 1319 692 Ave
1338 663 1491 701 praeclara

172 704 262 730 maris
293 703 394 730 stella:
422 702 502 730 Audi
527 711 599 736 nos,
629 703 762 736 domina,
791 711 859 730 nam
886 702 964 731 filius
987 706 1055 730 tuus
1075 702 1152 729 nihil
1171 711 1281 739 negans
1305 705 1334 730 te
1354 703 1488 730 honorat.

173 740 264 767 Salva
289 749 359 775 nos,
390 740 474 775 Iesu,
506 750 559 777 pro
586 742 693 778 quibus
719 742 804 778 virgo
830 743 922 769 mater
947 744 977 769 te
1004 742 1076 769 orat.
1115 741 1244 768 Hierauf
1265 740 1402 769 Versikel
1429 740 1489 767 und

171 778 305 806 Oration.

557 910 622 943 208.
653 910 787 942 Letania
808 910 920 941 beatae
938 910 1057 942 Mariae
1078 910 1112 941 V.

565 990 605 1023 R.
639 990 712 1022 Iesu
736 991 849 1029 mater,
876 989 951 1021 audi
976 998 1044 1030 nos,

646 1036 766 1069 Christi
791 1039 904 1079 mater,
931 1037 1022 1068 salva
1045 1045 1113 1068 nos

186 1109 217 1143 1.
244 1108 269 1140 Ο
295 1106 410 1143 Maria,
440 1105 601 1145 deitatem,
896 1105 928 1138 8.
956 1103 1046 1137 Cella
1069 1103 1341 1147 splendidissima,

244 1156 428 1193 caritatem,
455 1153 640 1193 bonitatem,
955 1152 1056 1184 Stella
1080 1151 1292 1191 serenissima,

243 1203 437 1235 Trinitatem
461 1210 491 1233 o.
516 1210 549 1240 p.
575 1210 609 1233 n.
955 1199 1021 1240 Sol,
1045 1199 1123 1230 luna
1147 1199 1335 1234 clarissima.

183 1272 215 1305 2.
243 1270 268 1302 O
293 1268 411 1310 Maria,
438 1267 540 1300 dulcis
563 1267 628 1309 pia,
897 1267 929 1299 9.
956 1266 1038 1298 Tota
1064 1265 1301 1307 candidissima,

246 1345 252 1351 .
306 1348 312 1351 ,
366 1345 372 1351 ,
398 1316 479 1356 laus,
510 1315 629 1357 sophia,
954 1314 1078 1355 Regina
1104 1313 1300 1356 dignissima,

245 1366 345 1398 Sacra
370 1364 433 1406 dia,
458 1372 486 1397 0.
513 1372 545 1403 p.
571 1372 603 1394 11.
955 1361 1142 1394 Sanctorum
1171 1362 1383 1395 sanctissima.

184 1435 215 1467 3.
244 1433 269 1466 O
295 1431 411 1474 Maria,
437 1433 541 1462 mater
564 1429 634 1473 Dei,
874 1429 929 1462 10.
958 1428 1070 1461 Gratia
1094 1428 1290 1470 plenissima,

243 1480 374 1512 Summa
398 1478 479 1518 spei,
506 1478 592 1510 salus
618 1477 665 1509 rei
954 1476 1034 1517 Spes
1059 1476 1170 1507 mundi
1193 1477 1380 1519 laetissima,

241 1528 357 1561 Cordis
382 1526 455 1565 mei,
484 1535 512 1559 0.
539 1535 571 1566 p.
598 1535 629 1559 n.
954 1524 1079 1557 Caritas
1103 1524 1287 1558 iustissima.

181 1597 215 1629 4.
242 1596 267 1628 O
293 1594 409 1633 Maria,
437 1593 601 1633 adoptata,
875 1592 928 1627 11.
957 1591 1119 1625 Salvatrix
1144 1592 1321 1631 mitissima,

240 1643 344 1675 Nobis
372 1642 456 1680 data,
484 1639 659 1679 foederata,
955 1639 1075 1672 Semita
1099 1640 1288 1680 rectissima,

241 1691 421 1729 Advocata,
449 1698 477 1722 0.
505 1698 537 1729 p.
564 1698 594 1722 n.
953 1688 1055 1720 Ianua
1080 1688 1286 1727 amplissima.

181 1761 212 1792 5.
241 1759 266 1791 Ο
292 1757 400 1791 Maria
426 1783 432 1792 ,
486 1786 492 1792 .
543 1786 549 1789 .
603 1786 609 1792 ,
872 1756 926 1789 12.
953 1756 1104 1788 Matrona
1129 1755 1298 1796 tutissima,

238 1807 370 1840 Ancilla
394 1804 582 1845 humillima,
952 1803 1073 1836 Nuntia
1097 1802 1264 1847 fidissima,

238 1855 359 1888 Mulier
383 1853 602 1886 mundissima.
950 1851 1147 1890 MisericorS,
1175 1852 1329 1891 piissima.

181 1924 213 1957 6.
238 1923 373 1955 Femina
398 1920 585 1961 castissima,
871 1919 925 1953 13.
953 1919 1078 1960 SuaviS,
1104 1919 1337 1959 amoenissima,

238 1971 365 2004 Natura
389 1969 543 2011 piissima,
950 1966 1096 2000 Medulla
1123 1967 1316 2008 dulcissima,

241 2020 339 2060 Virgo
363 2017 610 2051 ferventissima.
950 2015 1027 2056 Mel,
1054 2017 1145 2055 gutta
1168 2013 1332 2047 melliflua.

181 2090 213 2122 7.
240 2086 394 2121 Genetrix
421 2085 618 2124 suavissima,
870 2084 924 2117 14.
950 2083 1088 2116 Domina
1114 2082 1288 2125 carissima,

238 2136 347 2170 Mater
371 2134 626 2172 clementissima,
950 2132 1019 2172 Pia,
1048 2131 1264 2172 dilectissima,

237 2185 335 2218 Prole
360 2181 598 2216 fecundissima.
950 2180 1072 2221 DulciS,
1100 2178 1340 2219 benignissima.

525 2249 581 2283 15.
606 2249 748 2281 Auribus
773 2248 946 2289 lenissima,

604 2298 706 2330 Prece
735 2296 965 2337 placatissima‚

607 2345 691 2378 Voce
715 2345 948 2385 potentissima.

241 2427 313 2456 Cod.
333 2424 504 2461 Sangallen.
525 2421 572 2451 27.
593 2423 659 2451 add.
679 2431 756 2451 saec.
779 2419 823 2449 12.
1250 2463 1309 2493 14*
