1653 2608
699 94 935 136 -89-

158 191 272 220 forden.
299 202 375 222 saec.
399 193 442 223 15.
480 195 548 224 C'od.
570 197 706 225 Rossian.
728 198 801 226 VIII
821 196 866 226 56.
888 198 919 225 Ζ.
940 212 977 217 -
997 198 1119 226 Fer-ner:
1151 198 1231 227 Orat.
1252 208 1305 227 ms.
1326 197 1472 228 Gallicum

162 239 239 259 saec.
263 229 306 259 14.
329 240 374 260 ex.
416 234 486 262 Cod.
507 235 629 263 Ianuen.
650 233 744 272 (Miss.
761 235 884 272 Urban.)
902 234 948 264 31.
969 235 997 264 4.
1017 234 1044 264 9.
1063 250 1103 255 —

238 278 295 307 Str.
318 277 333 306 1
354 281 416 309 und
437 280 472 310 10
495 283 665 319 umgestellt
680 284 717 319 Ζ,
739 283 796 312 Str.
814 282 888 312 1—3
907 284 1006 312 fehlen
1020 283 1053 310 C.
1076 298 1114 303 ——
1136 282 1160 318 1,
1180 283 1200 311 4
1218 284 1283 311 fons
1297 285 1416 320 pietatis
1430 284 1471 318 A,

155 318 296 353 puritatis
316 318 379 346 BD.
406 335 442 339 —
472 318 501 354 1,
523 319 540 348 9
560 321 680 349 Deflens
700 322 730 348 Z.
759 336 794 340 —
822 320 852 356 1,
877 320 912 350 10
932 322 1004 350 facit
1022 321 1071 350 W.
1099 338 1137 342 —
1164 320 1188 357 1,
1211 320 1245 349 11
1265 322 1401 350 Infernus
1421 331 1473 358 per

152 355 232 383 hune
255 356 298 391 A,
325 357 381 384 Per
405 358 463 386 hoc
488 359 620 386 infernus
640 360 745 395 BWZ3
772 369 824 396 per
850 360 925 388 haee
944 361 981 388 D.
1001 375 1040 379 —
1061 359 1092 395 1,
1117 358 1152 388 12
1175 360 1300 389 Gemens
1321 360 1360 394 A;
1390 359 1474 388 Sevit

154 395 341 422 amarissime
360 395 396 424 R.
416 411 455 415 —
476 396 561 425 Naeh
581 396 638 424 Str.
661 395 676 424 1
701 398 816 426 sehiebt
835 398 860 426 A
881 400 944 427 ein:

212 442 283 470 Iesu
304 443 415 472 Christi
435 444 613 472 denudat-um
901 446 1059 474 Cicatrices
1080 448 1284 475 remanserunt

213 480 336 517 Corpus,
358 483 449 517 salve,
470 483 549 520 quod
569 483 694 518 ligatum
901 486 991 512 Carni
1010 484 1087 519 Iesu,
1108 493 1195 520 quam
1215 485 1364 520 fregerunt

251 520 287 546 ln
307 519 445 549 columna
464 521 593 554 tremuit,
937 523 1057 557 Ictibus,
1079 526 1113 551 ut
1131 523 1251 559 placuit,

213 557 337 591 Quando
357 558 414 586 fuit
433 559 624 594 flagellatum,
899 562 969 589 Rivi
987 560 1075 589 multi
1098 561 1283 589 defluxerunt

212 596 313 631 Virgis
334 603 452 624 caesum
471 605 526 624 1100
545 594 575 632 (1.
597 595 651 632 sic)
671 599 783 625 reatum
900 599 942 626 Et
961 599 1093 627 membra
1112 600 1346 633 cruentaverunt,

250 634 390 662 Nostrum
410 635 477 662 tolli
495 635 605 671 voluit3
938 638 1046 665 Totum
1066 646 1171 673 eorpus
1191 637 1312 665 maduit.

152 680 210 708 Str.
238 679 256 707 2
280 681 342 708 und
360 679 378 709 3
398 682 568 719 umges'tellt
587 682 626 718 A3
653 682 711 710 Str.
733 681 751 709 2
772 683 850 711 steht
869 683 966 712 hinter
987 684 1044 711 Str.
1065 682 1083 712 8
1103 686 1140 712 D.
1166 699 1205 704 —
1231 682 1262 718 2,
1284 682 1302 712 3
1331 683 1467 712 deductor

155 719 187 746 Z.
209 735 246 739 —
268 717 295 753 2,
316 717 333 746 5
354 719 479 748 Vinctus
488 718 521 757 [!]
541 722 640 756 patres
661 723 693 748 tu
713 721 828 749 reducis
851 722 881 749 Z.
902 736 939 741 —
961 720 986 757 2,
1008 720 1026 749 8
1047 722 1105 757 Qui
1125 731 1177 759 per
1196 724 1225 750 te
1245 731 1362 758 gregem
1382 722 1414 749 Z.
1435 736 1469 740 —

153 755 185 791 2,
206 755 224 785 9
251 758 284 784 in
308 758 408 793 patria
426 759 532 794 AWZ,
559 760 685 794 patriam
704 759 764 787 BR.
792 774 829 778 —
856 758 887 794 2,
911 758 946 788 10
966 768 1010 794 sq.
1031 760 1199 797 umgestellt
1217 760 1287 788 WZ.
1314 775 1351 779 -—
1381 758 1412 795 2,
1436 758 1469 787 11

155 796 217 823 Ora
235 797 335 823 vectes
355 796 395 831 Β,
416 797 523 824 Mortis
544 797 639 824 ferens
662 799 691 824 et
711 797 841 834 sigillum
861 799 892 825 Z.
913 812 950 816 -—
971 796 998 832 2,
1015 795 1050 825 12
1067 798 1200 834 Signaris
1214 798 1251 825 D.
1272 812 1309 817 —
1330 796 1356 832 3,
1372 796 1390 825 2
1409 798 1470 825 De-

153 836 285 869 spectum
314 835 344 861 et
371 837 543 862 coronatum
569 835 603 861 B.
630 851 667 855 —
694 832 728 870 3,
755 834 774 862 4
800 836 886 863 Mille
912 836 986 863 loeis
1013 836 1056 870 D;
1084 836 1169 864 Mille
1193 837 1264 863 loris
1291 836 1470 872 perforatum

150 872 187 899 A.
215 888 253 892 -
279 869 306 905 3,
328 869 346 899 8
366 874 441 901 texit
459 881 528 901 rosa
547 873 588 908 A,
616 875 710 900 cinxit
728 882 797 901 rosa
817 874 887 902 WZ.
912 888 951 893 —
975 871 1009 908 3,
1033 871 1068 901 10
1086 875 1218 910 pretiosa
1237 875 1283 901 W.
1310 888 1348 892 —
1372 873 1430 902 Str.
1450 873 1470 901 4

153 910 232 937 steht
259 910 358 937 hinter
379 910 436 938 Str.
464 909 482 938 5
503 911 538 945 Z;
566 911 664 938 hinter
685 911 742 939 Str.
772 910 789 939 6
808 912 916 946 BRW3
944 911 1042 939 hinter
1062 912 1119 940 Str.
1146 909 1164 939 8
1185 912 1248 940 AD.
1275 926 1313 930 —
1340 910 1373 946 4,
1396 910 1469 939 1-6

152 948 252 976 fehlen
273 948 304 976 G.
334 963 372 967 —-
398 948 425 985 4,
449 948 463 977 1
486 948 583 984 Salve,
605 958 621 976 0
642 950 707 976 fons
728 949 769 983 Α;
796 949 866 983 Ave,
888 949 953 977 fons
972 950 1017 984 D3
1043 949 1068 977 Ο
1088 950 1153 977 fons
1175 957 1271 985 aquae
1289 950 1325 977 R.
1345 964 1382 968 —
1401 947 1429 982 4,
1449 949 1469 977 4

153 987 210 1014 Per
230 988 260 1013 te
281 986 438 1015 daemones
458 987 489 1014 Z.
518 1001 554 1005 —
581 985 608 1018 4,
631 985 648 1014 6
667 987 711 1014 Αο
733 987 828 1014 effecti
848 987 879 1014 Z.
906 1002 943 1006 —-
969 985 997 1021 4,
1018 984 1036 1014 9
1056 987 1165 1015 Nectar
1185 988 1306 1023 inquam
1326 987 1400 1014 AW.
1431 1002 1467 1006 —

153 1022 181 1059 4,
208 1022 243 1052 10
263 1023 336 1057 Ave,
355 1025 459 1060 gaude,
482 1024 564 1052 salve
583 1024 618 1051 A.
642 1040 677 1043 —
698 1023 725 1058 4,
742 1023 778 1051 12
795 1025 868 1052 Esto
889 1024 1037 1052 medicina
1055 1025 1159 1061 populi
1178 1025 1213 1052 A.
1233 1039 1270 1043 —-
1291 1023 1317 1059 5,
1333 1023 1351 1051 2
1371 1025 1465 1052 Verus

153 1063 235 1090 rivus
256 1061 368 1089 Phison
387 1063 441 1098 W,
473 1063 554 1090 rivos
574 1063 713 1098 perlanus
733 1063 764 1089 Z.
791 1077 828 1081 —
856 1062 881 1097 5,
903 1061 923 1090 4
942 1062 1028 1096 Quod
1046 1065 1190 1097 tyrannus
1209 1063 1249 1098 B;
1276 1063 1362 1097 Quod
1381 1063 1468 1090 iudex

151 1100 331 1127 inhumanus
352 1100 383 1127 Z.
410 1115 447 1119 —
474 1099 501 1134 5,
523 1099 540 1127 7
562 1101 605 1127 Te
624 1100 745 1135 honoro,
767 1103 796 1128 te
816 1101 905 1128 adoro
923 1100 959 1128 A.
987 1114 1025 1119 —
1051 1098 1078 1134 5,
1099 1098 1117 1129 8
1136 1101 1211 1129 fehlt
1229 1101 1260 1128 Z.
1280 1116 1319 1120 —
1338 1099 1364 1134 5,
1388 1099 1405 1128 9
1426 1101 1468 1129 Ut

151 1139 241 1166 miser
270 1140 299 1166 et
318 1140 447 1167 moriens
468 1139 503 1165 A.
530 1153 569 1157 —
595 1137 625 1172 5,
653 1137 688 1166 10
706 1139 742 1166 In
763 1147 820 1174 quo
842 1138 985 1175 sperando
1006 1138 1108 1167 laboro
1130 1139 1187 1166 AZ.
1211 1153 1248 1157 —-
1274 1139 1331 1167 Str.
1352 1137 1370 1167 6
1390 1139 1469 1166 steht

151 1176 250 1204 hinter
270 1175 287 1204 7
308 1176 338 1203 Ζ.
357 1191 397 1196 -
419 1175 446 1212 6,
461 1175 479 1205 3
503 1177 712 1213 perdurissimo
732 1177 767 1204 A.
790 1192 826 1196 —
847 1175 872 1211 6,
889 1175 906 1205 5
927 1177 1036 1204 Vinum
1054 1185 1157 1205 verum
1179 1186 1236 1213 quo
1257 1177 1358 1205 lavisti
1377 1177 1407 1204 Z.
1429 1191 1465 1195 —

151 1213 177 1248 6,
198 1213 215 1242 6
236 1215 298 1243 Nos
320 1222 338 1241 a
357 1215 436 1243 malo
457 1215 497 1251 Α,
518 1215 580 1242 Nos
598 1223 616 1242 a
635 1216 738 1242 mortis
759 1215 807 1242 W.
827 1230 864 1234 —
885 1213 911 1249 6,
927 1214 944 1242 7
965 1215 989 1243 O
1003 1217 1033 1242 te
1045 1215 1152 1243 vulnus
1167 1215 1198 1242 Z.
1221 1230 1258 1235 —
1279 1214 1336 1243 Str.
1350 1214 1367 1242 7
1388 1214 1467 1242 steht

152 1261 207 1280 vor
228 1253 286 1281 Str.
307 1250 324 1279 6
345 1253 377 1280 Z.
397 1268 434 1272 —
455 1252 481 1289 7,
505 1251 522 1280 2
543 1253 656 1280 cruoris
676 1254 778 1281 vinum
799 1253 870 1281 WZ.
893 1268 929 1272 —
951 1252 977 1286 7,
991 1251 1011 1280 4
1029 1253 1084 1281 Per
1104 1253 1160 1281 hoe
1177 1253 1295 1287 vulnus,
1316 1253 1402 1281 homo
1422 1253 1463 1289 A,

151 1291 209 1318 Per
229 1290 309 1318 hune
329 1291 432 1319 vinum
451 1292 483 1319 Z.
504 1305 540 1310 —
562 1290 588 1324 7,
609 1290 626 1318 7
645 1291 704 1319 Per
724 1291 781 1319 1100
799 1291 930 1319 vulneris
950 1291 1082 1319 foramen
1101 1292 1136 1318 A.
1156 1306 1194 1310 —
1214 1290 1241 1325 7,
1264 1290 1298 1319 10
1311 1291 1405 1319 Nobis
1426 1292 1466 1318 sit

152 1337 267 1365 semper
286 1329 317 1356 Z.
348 1344 385 1350 —
414 1329 439 1364 7,
463 1328 496 1357 11
518 1329 598 1357 Illud
617 1329 724 1357 vulnus
745 1329 782 1365 Ζ,
813 1332 842 1357 et
861 1329 991 1357 foramen
1011 1329 1060 1356 W.
1080 1345 1119 1349 —
1141 1329 1198 1357 Str.
1219 1327 1238 1356 8
1258 1329 1337 1357 steht
1355 1338 1408 1357 vor
1430 1327 1464 1357 10

152 1367 183 1394 Z.
204 1381 242 1385 —
262 1365 289 1401 8,
313 1365 327 1393 1
351 1367 466 1395 Christe
485 1367 568 1404 pedis
589 1368 642 1402 W3
663 1368 727 1395 Ave
745 1368 853 1395 vulnus
873 1368 1013 1403 perforati
1030 1367 1066 1394 A.
1087 1383 1124 1387 —
1144 1365 1170 1402 8,
1187 1366 1207 1394 4
1227 1369 1273 1394 est
1289 1367 1326 1394 D.
1350 1382 1382 1386 —
1405 1364 1431 1403 8,
1447 1366 1464 1394 5

151 1405 209 1432 Per
229 1405 308 1441 quod
329 1413 429 1433 sumus
452 1405 522 1433 CW.
542 1420 581 1425 -
600 1403 627 1439 8,
642 1404 659 1433 6
681 1414 754 1442 quos
774 1405 854 1433 unda
873 1407 969 1433 tenuit
988 1405 1029 1439 D;
1051 1414 1123 1442 quos
1145 1405 1232 1441 eulpa
1250 1407 1346 1432 tenuit
1359 1406 1406 1432 W.
1426 1419 1463 1424 --

150 1440 177 1477 8,
195 1441 230 1470 12
242 1444 278 1471 In
298 1446 328 1471 te
348 1446 398 1479 qui
420 1452 501 1480 spem
516 1444 546 1471 Z.
567 1458 605 1463 ——
625 1443 682 1471 Str.
705 1442 721 1471 9
743 1444 803 1471 und
825 1441 861 1471 10
875 1444 972 1471 fehlen
986 1443 1037 1479 W;
1060 1444 1117 1472 Str.
1130 1441 1148 1471 9
1162 1443 1242 1471 steht
1253 1452 1306 1470 vor
1321 1442 1377 1471 Str.
1394 1442 1410 1470 7
1426 1443 1463 1477 Z3

150 1481 209 1509 Str.
233 1480 268 1509 10
287 1482 363 1518 folgt
381 1483 435 1510 auf
450 1480 469 1510 8
489 1482 519 1509 Z.
546 1497 584 1501 —
613 1480 638 1516 9,
661 1480 681 1509 4
704 1481 762 1509 1100
779 1482 854 1509 fehlt
872 1482 937 1516 AB;
964 1482 1031 1509 Non
1052 1484 1097 1509 est
1115 1481 1188 1509 haee
1209 1482 1239 1508 Z.
1267 1496 1303 1500 —
1324 1480 1350 1516 9,
1371 1479 1388 1508 5
1408 1481 1464 1509 ulli

148 1521 211 1547 vati
230 1520 261 1547 Z.
282 1535 320 1539 -
341 1518 367 1554 9,
384 1519 401 1548 6
422 1520 529 1549 Nullus
552 1520 638 1548 homo
660 1521 756 1556 potuit
769 1520 800 1547 Z.
821 1535 858 1539 -
878 1518 904 1554 9,
919 1518 937 1548 8
958 1522 992 1547 ut
1010 1520 1042 1547 Z.
1063 1535 1100 1540 —
1123 1518 1148 1554 9,
1166 1517 1199 1547 11
1222 1519 1280 1547 Sed
1298 1528 1350 1555 per
1364 1520 1464 1547 fletum

149 1557 185 1585 A.
203 1573 244 1578 -—
265 1556 308 1592 10,
333 1556 347 1585 1
370 1559 395 1588 O
415 1559 562 1587 Iohannes
582 1559 613 1585 Z.
633 1573 670 1577 -
694 1556 736 1592 10,
757 1556 776 1586 3
796 1559 828 1586 in
850 1567 906 1595 quo
927 1559 1009 1586 Deus
1028 1558 1066 1585 D.
1086 1573 1126 1578 —
1147 1556 1191 1591 10,
1211 1555 1231 1585 4
1250 1557 1355 1585 zufista
1374 1558 1404 1585 Z.
1425 1572 1462 1578 -—-

150 1594 201 1632 10,
222 1594 240 1623 5
270 1596 355 1624 detur
374 1597 434 1625 ista
452 1598 483 1624 Z.
510 1612 547 1617 —
575 1595 622 1631 10,
640 1594 656 1624 6
678 1597 761 1631 Quae
780 1597 836 1624 tibi
856 1605 919 1625 com
941 1597 1035 1624 lacuit
1053 1596 1084 1624 Z.
1111 1611 1150 1616 —
1177 1594 1226 1631 10,
1244 1595 1261 1623 7
1282 1597 1325 1624 Te
1344 1597 1461 1633 inquiro

148 1643 200 1670 per
219 1634 298 1662 hune
317 1635 357 1670 Β,
377 1635 421 1663 Te
440 1636 558 1671 requiro
579 1644 631 1671 per
651 1634 729 1662 1111110
749 1635 778 1662 Ζ.
801 1650 837 1653 -
860 1633 904 1669 10,
921 1606 942 1662 9
964 1636 1141 1662 contremuit
1159 1634 1194 1662 A.

225 1683 328 1711 Oratio
357 1685 454 1711 saneti
475 1683 638 1711 Bernhardi
658 1683 695 1711 de
713 1684 852 1719 passione
872 1683 994 1711 Domini
1014 1683 1047 1709 B.
1072 1698 1110 1702 —
1134 1683 1222 1711 Hane
1242 1684 1403 1710 orationem
1424 1682 1462 1709 ad

147 1722 278 1757 quinque
308 1721 433 1750 vulnera
461 1721 571 1749 Christi
601 1721 726 1749 dietavit
755 1730 833 1758 papa
857 1721 1005 1749 Iohannes
1034 1721 1123 1749 XXII
1155 1724 1184 1749 et
1214 1721 1295 1749 dedit
1324 1721 1459 1748 omnibus

147 1759 314 1788 dicentibus
344 1760 403 1788 VII
434 1769 527 1788 annos
554 1759 804 1796 indulgentiarum
830 1761 867 1788 X.
894 1774 931 1778 —
958 1759 1129 1788 Bonifaoius
1154 1768 1233 1796 papa
1258 1762 1357 1788 sextus
1381 1758 1462 1786 dedit

146 1798 271 1826 cuilibet
303 1801 460 1835 sequentes
495 1799 643 1826 orationes
673 1798 782 1826 dicenti
813 1799 844 1825 in
874 1799 1044 1826 memoriam
1075 1800 1223 1835 passionis
1251 1799 1321 1826 Iesu
1350 1797 1461 1826 Christi

144 1837 254 1873 viginti
273 1837 378 1865 diebus
400 1838 548 1865 continuis
568 1845 619 1864 ore
634 1837 766 1864 confesso
784 1840 813 1864 et
826 1836 913 1864 corde
930 1838 1055 1864 contrito
1070 1837 1234 1873 plenariam
1247 1836 1459 1873 indulgentiam

145 1877 175 1903 et
194 1873 397 1903 remissionem
419 1877 549 1904 omnium
570 1878 759 1911 peecatorum
778 1884 898 1903 suorum
918 1876 952 1903 Y.

221 1924 287 1961 Vgl.
307 1924 398 1952 Mene
417 1921 434 1951 I
454 1925 505 1953 Nr.
529 1921 592 1958 122,
614 1925 681 1952 eine
700 1924 878 1952 Bearbeitun
919 1923 1015 1951 dieses
1031 1923 1138 1952 Liedes
1159 1924 1250 1951 durch
1265 1923 1381 1952 Conrad
1401 1931 1459 1950 von

143 1962 285 1999 Gaming3
307 1963 357 1990 cfr.
373 1963 459 1991 Anal.
474 1963 529 1997 111,
551 1962 581 1990 S.
599 1960 643 1990 11.
664 1962 759 1990 Μο1·01
778 1961 838 1997 (Nr.
853 1960 879 1990 4⁴
892 1967 902 1997 )
921 1962 974 1990 hat
993 1962 1087 1991 dieses
1101 1961 1272 1990 Verhiiltnis
1288 1961 1458 1989 misskann‘t.

144 2000 226 2029 Ganz
247 2001 380 2029 entstellt
399 2003 438 2030 ist
456 2002 533 2030 Text
551 2001 612 2029 und
634 2000 815 2029 namentlich
833 2000 994 2037 Abteilung
1013 2001 1062 2028 bei
1081 2001 1168 2029 Roth.
1189 2001 1240 2029 Nr.
1261 1998 1307 2028 81.

561 2151 609 2183 69.
641 2149 684 2183 De
704 2149 898 2182 Vulneribus
919 2149 1045 2182 Christi.

154 2251 184 2286 1.
214 2249 376 2284 Crucifixe
400 2249 475 2283 Iesu
501 2250 595 2290 bone,
901 2250 1003 2282 Dulce
1028 2257 1098 2282 cum
1123 2250 1166 2282 sit
1192 2249 1232 2281 de
1257 2252 1288 2280 te
1312 2247 1400 2291 flere,

209 2299 266 2333 Me
292 2299 495 2341 redemptum
520 2299 669 2340 passione
902 2298 986 2338 Quid
1011 2298 1074 2330 erit
1099 2298 1139 2330 de
1163 2300 1195 2329 te
1220 2297 1369 2338 gaudere,

210 2349 307 2381 quta
331 2347 445 2389 plagas
471 2350 542 2379 tuas
568 2356 661 2392 pone,
904 2346 1000 2379 Certe
1025 2345 1072 2379 sic
1098 2348 1147 2378 est
1171 2348 1204 2377 te
1228 2346 1339 2386 lugere

260 2397 307 2431 Ut
331 2399 365 2428 te
390 2395 482 2429 fleam
511 2389 666 2438 dul’citer3
950 2394 1059 2427 Arrha
1083 2394 1152 2427 veri
1177 2393 1280 2427 iubili.
