1651 2606
642 72 898 111 2-154—1a

813 172 867 204 12.
894 170 938 202 Ut
964 170 1010 201 sic
1034 171 1087 201 tuo
1112 166 1227 209 gaudio

136 180 191 215 11.
217 179 263 212 Te
287 186 454 219 precamur
478 177 637 217 supplices

264 227 386 267 'suique
412 225 528 258 doloris

219 274 352 307 Gladius
377 282 434 305 nos
458 272 602 305 vulneret

265 321 326 354 Dic
350 323 469 360 septem
494 318 591 355 horis,

941 216 1079 256 Filiique
1101 217 1147 248 tui

893 265 930 296 In
956 266 1087 296 aeterna
1110 264 1213 305 gloria

940 312 1123 344 Mereamur
1147 310 1234 344 frui..

196 396 282 424 Scala
308 396 379 422 ‘aeli
405 402 479 421 saec.
510 389 552 419 14.
579 398 622 417 ex.
663 388 731 417 Cod.
753 388 876 424 Pragen.
897 388 971 415 XIII
991 387 1017 415 Ε
1040 385 1066 416 3.
1094 401 1131 406 —
1158 385 1191 422 5,
1213 384 1231 413 3
1259 388 1299 414 sit
1324 386 1364 413 in.
1385 399 1422 404 —-

121 434 148 470 9,
171 433 185 461 1
207 434 360 462 Simeonis.
380 446 418 450 -—
437 431 495 458 Ein
514 430 632 464 Auszug
652 435 705 455 aus
726 427 790 455 dem
811 425 1068 462 vorhergehenden
1087 425 1187 454 Liede.

529 568 588 600 157.
618 567 660 599 De
680 566 892 608 eompassione
913 565 1001 598 BMV.

157 680 164 688 .
190 652 304 690 Maria,
332 658 411 691 quae
436 651 508 683 Iesu
535 648 652 682 Christi

188 699 282 731 quta
307 706 430 729 crucem
455 697 584 730 astitisti

238 747 396 779 Gonoussa
422 745 541 785 dolore,

191 793 267 826 Cum
294 793 418 825 videres
445 801 483 824 ex
508 795 539 823 te
563 795 671 823 natum

190 841 349 872 Mortuum
377 843 408 871 et
432 840 625 872 immolatum

237 890 298 921 Pro
327 897 378 919 me
401 889 579 929 peccatore,

159 973 166 980 .
195 945 261 985 Quo
288 944 397 976 dolore
421 943 598 977 movebaris

194 991 296 1032 Supra
321 992 368 1023 tui
392 992 539 1023 salutaris

240 1040 314 1071 Iesu
338 1038 496 1079 passione,

192 1086 307 1118 Nullus
334 1089 390 1127 est⁷
417 1086 470 1126 qui
495 1085 546 1117 vel
571 1093 716 1125 pensare,

192 1133 254 1166 Vel
280 1133 321 1165 ad
346 1134 475 1173 pienum
500 1133 661 1172 explicare

242 1180 355 1213 Valeat
379 1188 531 1214 sermone.

161 1263 168 1271 .
194 1237 263 1269 Nec
288 1237 410 1280 mirum,
437 1246 511 1269 nam
534 1237 637 1277 ipsum
663 1236 732 1277 pati

195 1285 344 1327 Videbam,
369 1286 403 1316 in
428 1293 488 1324 quo
514 1285 637 1323 peccati

242 1332 372 1364 Maeuia
392 1341 453 1363 non
479 1334 558 1372 erat,

199 1379 262 1411 Sed
287 1387 379 1418 quem
404 1379 472 1410 sine
496 1379 640 1418 genitura

196 1426 385 1469 concepisti,
411 1426 501 1466 virgo
526 1434 618 1465 pura,

249 1473 282 1505 Si
311 1474 378 1513 quis
404 1474 531 1505 modum
557 1476 697 1513 quaerat.

161 1555 169 1563 .
197 1530 221 1562 O
248 1539 341 1570 quam
365 1530 465 1563 tristis
492 1538 524 1561 es
551 1530 672 1572 effecta,

197 1577 221 1610 Ο
247 1586 339 1617 quam
363 1577 473 1609 intime
498 1577 641 1610 confecta

246 1625 353 1657 Poena
376 1625 537 1666 patientis,

199 1671 447 1712 circumquaque
473 1675 669 1705 cruentatum

197 1719 316 1750 Videns
342 1728 381 1751 ex
405 1722 437 1751 te
461 1722 669 1761 propagatum

247 1767 368 1805 Corpus
392 1767 578 1801 innocentis.

165 1851 173 1858 .
199 1823 329 1863 videm,
354 1823 491 1866 inquam,
519 1823 683 1867 flagellari,

201 1870 350 1911 Conspui,
378 1871 569 1913 colaphizari

247 1919 291 1951 Et
314 1921 351 1949 ut
373 1921 475 1952 morte
501 1920 629 1960 dignum

201 1966 277 1998 Cum
302 1966 426 1998 iniustis
452 1969 641 2011 reputatum,

199 2014 314 2046 Manus
339 2013 500 2054 pedesque
526 2015 681 2048 clavatum

246 2061 347 2102 Super
373 2062 475 2093 crucis
497 2061 627 2102 iignum.

166 2144 173 2151 .
200 2118 320 2151 Videns
346 2127 469 2150 sursum
495 2119 541 2150 sic
566 2128 751 2159 suspensum

201 2167 239 2199 In
265 2165 471 2207 opprobrium
496 2166 682 2199 immensum

247 2214 277 2246 A
301 2215 409 2253 pravis
433 2214 571 2257 Iudaeis,

202 2260 310 2300 Spinis
336 2261 442 2294 densis
469 2262 616 2295 coronari

202 2308 284 2341 Potu
309 2308 455 2350 fellisque
479 2311 584 2351 potari

248 2357 443 2397 Despectam
469 2359 509 2391 ab
536 2358 593 2392 eis.

833 649 864 682 ’7.

818 1532 872 1564 10.

820 1826 874 1862 11.

823 2122 876 2154 12.

893 647 1011 679 Videns
1038 647 1104 679 eius
1129 646 1315 679 inclinatum

893 694 996 735 Caput
1020 697 1115 735 atque
1143 696 1420 738 „consummatum

938 739 1018 774 Est“
1047 742 1152 783 ipsum
1179 743 1335 775 dicentem

892 790 1047 828 Audiens,
1073 793 1109 821 ut
1134 791 1370 822 commendarat

893 837 935 870 Ei
960 843 1001 878 te,
1028 846 1120 877 quem
1145 840 1348 877 praeamarat

939 885 982 916 Et
1008 884 1091 917 vidit
1114 888 1326 924 praesentem.

863 969 871 977 .
897 942 1018 974 Videns
1044 942 1154 974 ultimo
1179 945 1338 975 sacratum

893 989 993 1022 Latus
1020 989 1086 1021 eius
1112 989 1312 1030 perforatum

940 1036 1069 1069 Lancea
1090 1038 1254 1079 pungenti,

894 1083 1013 1116 Videns
1035 1087 1221 1125 tantumque
1237 1095 1424 1127 maerorem,

895 1132 1101 1164 cumularent
1123 1136 1160 1163 ut
1187 1133 1330 1165 dolorem

942 1179 1032 1211 Haec
1056 1179 1116 1212 tibi
1141 1180 1275 1214 videnti.

863 1262 871 1269 .
896 1237 996 1280 Tunc,
1022 1236 1056 1268 in
1081 1239 1177 1278 partu
1203 1247 1280 1278 quas
1297 1238 1429 1271 nescisti

895 1285 1029 1325 Poenas
1056 1288 1190 1325 experta
1214 1283 1302 1318 fuisti

941 1332 1083 1364 Materni
1106 1333 1272 1374 maeroris,

897 1379 997 1421 Tunc,
1008 1380 1084 1410 tunc
1091 1380 1181 1412 iuxta
1189 1381 1427 1421 praedicentem

898 1426 1112 1459 Pertransivit
1135 1429 1220 1459 tuam
1246 1431 1384 1460 mentem

946 1473 1080 1506 Gladius
1107 1474 1236 1507 doloris.

897 1531 973 1571 Sed,
998 1531 1114 1575 Maria,
1139 1532 1204 1565 iam
1228 1532 1360 1576 laetare,

899 1578 979 1618 Quia
1004 1578 1149 1612 Christus
1175 1583 1240 1612 tam
1265 1590 1392 1614 amarae

945 1627 1062 1659 Passus
1087 1627 1208 1667 probra
1231 1629 1354 1672 mortiS,

900 1674 989 1707 Sicut
1013 1676 1107 1707 antea
1131 1675 1303 1718 praedixit,

900 1721 961 1754 Die
984 1722 1081 1754 tertia
1106 1723 1224 1757 revixit

947 1769 1008 1801 Ille
1031 1769 1081 1802 leo
1107 1769 1210 1804 fortis.

900 1826 1048 1867 Laetare,
1074 1837 1147 1860 nam
1173 1829 1227 1868 qui
1254 1829 1429 1875 descendit,

901 1875 976 1914 Ipse
1001 1877 1059 1915 est,
1087 1879 1119 1907 et
1143 1877 1198 1916 qui
1222 1878 1369 1910 ascendit

949 1922 1051 1962 Super
1076 1932 1184 1955 omnes
1210 1925 1325 1968 caelos,

902 1969 970 2003 Ubi
995 1978 1101 2002 secum
1128 1972 1313 2006 conocatam

902 2017 1028 2050 Laudat
1055 2019 1176 2051 cunctis
1201 2023 1233 2052 te
1254 2021 1431 2061 praelatam

951 2066 1146 2106 Angelorum
1169 2068 1279 2103 melos.

903 2121 994 2165 Illuc,
1020 2123 1119 2165 virgo,
1145 2134 1203 2157 nos
1230 2125 1363 2167 dignare

904 2169 990 2204 Filio
1016 2174 1285 2213 recommendare,

954 2218 1031 2251 Cum
1057 2229 1117 2260 quo
1143 2221 1300 2263 gloriaris,

906 2265 987 2304 Quia
1010 2267 1102 2300 nobis
1124 2271 1199 2309 post
1224 2270 1360 2303 eundem

906 2313 951 2346 Es
975 2313 1094 2348 fiducia
1116 2317 1302 2349 tantundem

955 2362 1000 2394 Et
1022 2372 1096 2404 spes
1121 2364 1302 2405 singularis.
