1651 2606
769 76 1025 111 —129-

245 170 278 202 3.
303 168 351 203 Ut
374 170 430 202 lux
456 178 593 204 aurorae
616 173 751 205 vernula
928 175 960 207 4.
984 173 1051 207 Nos
1074 173 1109 206 in
1134 174 1246 206 mortis
1271 175 1412 217 angaria,

303 217 392 250 Caeli
419 218 554 259 depellit
580 220 701 259 nubila,
987 221 1097 263 Virgo,
1125 230 1183 262 pro
1209 224 1263 254 tua
1286 223 1392 262 gratia

348 265 422 297 Diei
450 265 506 298 dat
529 268 744 309 splendorem,
1033 269 1183 310 Digneris
1207 269 1339 302 visitare

300 312 355 345 Sic
377 316 467 346 ortus
492 313 539 346 tui
565 315 696 348 claritas
986 316 1032 350 Et
1055 317 1097 349 ad
1119 326 1258 356 superna
1282 317 1409 358 gaudia,

299 360 362 392 Est
387 361 514 394 novella
538 362 720 395 iucunditas
986 364 1053 398 Ubi
1073 364 1223 404 perennis
1248 364 1361 405 gloria,

349 407 522 441 Proferens
547 411 749 443 salvatorem.
1034 413 1113 445 Post
1137 414 1268 444 mortem
1296 421 1481 446 convocare.

307 474 388 502 Orat.
409 484 463 503 ms.
483 476 653 504 Thosanum
673 484 750 505 saec.
775 475 817 505 15.
860 476 930 504 Cod.
951 478 1119 506 Bruxellen.
1139 474 1224 506 4948.

693 615 756 648 125.
792 617 833 648 De
852 616 978 649 Nomine
997 617 1085 650 BMV.

522 687 552 720 1.
577 682 686 720 Mater
709 687 876 728 mirabilis,
902 688 1019 730 Maria,
1045 689 1173 721 nomine

578 730 715 768 Multum
738 735 877 768 lucidior
900 744 1086 776 quocunque
1111 737 1240 776 lumine,

579 778 671 816 Muni
693 792 745 815 me
768 782 918 815 miserum
943 784 1055 816 mortis
1080 783 1112 815 in
1138 784 1256 826 limine,

581 826 730 871 Maliguis
756 830 889 863 obvians
914 834 968 863 tuo
993 832 1164 864 iuvamine.

521 898 553 930 2.
581 894 710 931 Aurora
734 898 869 929 rutilans
895 898 1033 937 lunaque
1057 898 1232 940 pulchrior,

581 942 691 978 Astris
715 944 888 984 fulgentior
912 948 944 976 et
967 946 1035 977 sole
1060 944 1188 985 clarior,

583 990 760 1025 Adflictum
785 992 920 1033 respice,
944 992 998 1031 qui
1022 992 1116 1023 nimis
1140 991 1274 1032 crucior,

579 1037 702 1073 Averte
724 1040 865 1071 iaculum
889 1039 1002 1079 hostis,
1029 1048 1090 1079 quo
1113 1038 1225 1071 ferior.

520 1107 553 1139 3.
578 1102 706 1146 Regina
729 1105 859 1145 nobilis,
884 1104 955 1139 filia
977 1104 1048 1149 filii,

577 1151 685 1187 Rosae
711 1153 883 1186 consimilis
910 1156 942 1185 et
966 1152 1038 1185 fiori
1063 1153 1134 1194 lilii,

578 1199 705 1235 Refove
729 1201 869 1234 flebilem
893 1201 978 1233 lacte
1004 1200 1138 1240 consilii,

580 1246 741 1283 Ruentem
766 1258 826 1289 per
848 1250 919 1281 vias
945 1249 1038 1280 huius
1063 1249 1178 1281 exsilii.

518 1317 551 1349 4.
577 1313 668 1349 Iesse
691 1318 727 1348 ‘tu
753 1325 892 1356 congrue
915 1318 1031 1348 vocata
1055 1315 1191 1356 virgula,

576 1361 858 1397 Immarcessibilis
885 1366 917 1394 et
942 1363 1011 1396 sine
1034 1364 1170 1403 macula,

576 1408 683 1445 Iesum
711 1412 790 1444 dans
814 1409 973 1453 floridum,
1001 1411 1055 1451 qui
1073 1414 1156 1451 reg1t
1172 1411 1309 1448 saecula,

577 1456 648 1499 Ipsi
673 1463 709 1491 tu
729 1468 891 1500 suggeras,
918 1462 954 1490 ut
977 1459 1083 1490 solvat
1107 1459 1243 1491 vincula.

517 1528 550 1561 5.
577 1523 709 1560 Ancilla
732 1525 874 1566 Domini,
902 1533 1028 1557 sumens
1055 1528 1120 1557 tam
1146 1524 1273 1557 humilis

578 1572 659 1613 Ave,
686 1574 773 1614 quod
799 1573 934 1606 Gabriel
960 1573 1052 1605 dedit
1065 1573 1233 1613 mirabilis,

573 1620 698 1663 Accipe
723 1622 881 1654 canticum
906 1621 991 1653 servi
1016 1621 1149 1664 inutilis,

574 1668 668 1704 Assis
694 1670 728 1701 in
753 1669 898 1701 omnibus
923 1669 1000 1701 mihi
1025 1669 1206 1708 placabilis.

298 1735 367 1764 Cod.
388 1736 510 1764 Trecen.
527 1734 575 1769 (ol.
598 1735 816 1771 Olaraevallen„
842 1733 924 1763 1612.
946 1742 1021 1762 saec.
1047 1732 1087 1762 15.
1111 1730 1151 1761 A.
1172 1750 1210 1754 —
1231 1733 1299 1762 Cod.
1320 1734 1447 1761 Parisin.
1462 1731 1537 1762 3639

219 1783 299 1803 saec..
320 1772 395 1802 ¹⁵l1e.
417 1774 451 1801 Β.
471 1788 510 1793 -
532 1773 556 1807 1,
581 1772 596 1801 1
616 1774 713 1802 Mater
733 1773 871 1802 amabilis
892 1774 925 1802 B.
948 1787 979 1792 -
1006 1773 1031 1807 1,
1054 1771 1071 1800 2
1092 1772 1221 1801 nobilior
1234 1772 1267 1799 B.
1288 1786 1326 1792 -—
1349 1771 1374 1805 1,
1395 1770 1413 1799 3
1432 1772 1465 1798 in
1485 1775 1535 1799 tuo

218 1814 339 1842 lumine.
363 1812 397 1840 B.
424 1827 464 1832 —
489 1809 516 1847 3,
538 1810 556 1841 3
575 1812 688 1841 flebiles
708 1812 742 1839 B.
763 1827 802 1832 —
822 1809 848 1847 3,
866 1810 886 1840 4
904 1812 1034 1840 Ruentes
1054 1811 1088 1839 B.
1109 1827 1147 1831 —
1166 1810 1193 1846 4,
1215 1809 1233 1839 3
1253 1811 1305 1839 das
1326 1811 1359 1839 B.
1381 1825 1418 1829 —
1440 1809 1497 1838 Str.
1519 1808 1539 1838 4

218 1852 294 1881 fehlt
311 1852 346 1879 A.

678 1943 740 1977 126.
776 1943 820 1975 De
838 1942 965 1975 Nomine
985 1942 1072 1975 mlv.

233 2018 264 2051 1.
291 2013 396 2050 Mater
420 2017 477 2057 pia
498 2016 715 2057 orphanorum
924 2017 955 2049 3.
982 2012 1074 2056 Rege
1098 2024 1156 2048 nos
1182 2017 1226 2053 tu,
1253 2023 1295 2046 ne
1321 2014 1482 2055 cadamus,

293 2064 560 2104 consolatrixque
585 2066 790 2104 maestorum,
981 2063 1046 2096 Sed
1071 2067 1107 2095 ut
1131 2066 1206 2104 post
1229 2065 1262 2094 te
1287 2066 1499 2100 transeamus,

291 2112 492 2146 Advocatrix
515 2116 729 2156 peecatorum,
983 2112 1073 2144 Viam
1097 2111 1183 2143 vitae
1208 2111 1415 2150 inquiramus,

290 2161 450 2194 Miserere
476 2160 674 2192 miserorum.
980 2159 1045 2192 Ubi
1071 2162 1176 2191 tecum
1201 2159 1406 2199 gaudeamus.

229 2229 262 2262 2.
288 2225 491 2270 Angelorum
519 2236 537 2259 o
565 2227 702 2268 domina,
920 2228 953 2262 4.
980 2223 1050 2260 Iam
1076 2227 1108 2258 in
1136 2226 1233 2258 caelis
1260 2224 1434 2265 coronaris,

291 2276 378 2309 Audi
403 2279 516 2308 nostra
539 2276 736 2316 precamina.
982 2276 1007 2308 O
1033 2275 1203 2316 praeclara
1226 2274 1321 2305 stella
1345 2272 1451 2308 maris,

292 2324 418 2358 Emens
443 2333 502 2356 nos
528 2333 547 2355 a
572 2324 677 2366 ruina,
982 2323 1034 2355 Ab
1060 2323 1182 2363 angelis
1207 2321 1370 2354 veneraris

292 2373 350 2408 Pia.
373 2373 465 2415 virgo
491 2374 524 2405 et
555 2372 678 2413 regina.
982 2371 1027 2404 Et
1051 2380 1071 2403 a
1097 2371 1187 2403 nobis
1212 2368 1375 2404 salutaris.

272 2433 389 2462 Blume,
404 2432 450 2456 Pia
463 2432 610 2457 Dietamina.
633 2430 675 2455 IV.
1350 2423 1366 2453 9
