1653 2608
732 53 987 91 -168—

227 161 304 195 125.
330 160 387 194 Pie
411 158 520 199 lector,
551 166 605 190 oro
631 159 673 197 te,
903 152 982 184 126.
1010 149 1035 181 Ο
1060 148 1147 181 Deus
1173 146 1397 198 omnipotens,-

378 207 513 239 recitare
536 205 615 238 velis
1056 197 1170 228 cuncta
1194 195 1248 235 qui
1273 194 1427 234 disponis,

332 255 434 288 Semel
460 255 501 286 ad
527 250 738 285 christiferam
1007 243 1097 276 Unus
1121 242 1155 274 in
1180 241 1369 280 substantia,

376 304 446 334 Ave
471 298 637 337 Gabrielis,
1054 291 1156 323 trinus
1180 289 1214 321 in
1239 288 1395 330 personiS‚

330 350 375 382 Ut
398 357 457 392 me,
484 348 537 388 qui
561 346 622 377 hoc
646 342 798 382 compegi,
1007 340 1075 373 Fac
1098 347 1156 370 nos
1180 337 1227 369 ita
1251 344 1406 369 memores

379 396 509 428 collocet
532 395 565 425 in
591 392 686 423 caelis
1056 386 1176 419 Christi
1201 384 1368 424 passionis,

329 443 373 476 Et
399 445 581 475 cunctorum
606 438 743 471 hostium
1007 434 1052 467 Ut
1076 433 1215 466 aeternis
1240 430 1364 473 perfrui

376 490 522 530 protegat
545 496 564 519 a
585 486 669 520 telis.
1053 489 1232 514 mereamur
1257 480 1358 511 bonis.

561 563 639 596 127.
668 561 692 594 O
717 563 824 602 Pater,
852 560 905 600 qui
929 558 1029 592 filium

713 610 748 642 in
771 608 922 640 mundum
947 607 1064 639 misisti

663 656 708 690 Et
731 664 790 697 per
815 665 885 688 eum
909 655 1024 694 impios

710 703 934 742 iustificavisti,

664 751 731 784 Fac
754 760 812 784 nos
836 751 930 790 velle,
957 758 1037 790 quae
1058 753 1094 781 tu
1113 749 1170 788 vis,

710 799 806 841 nolle,
834 807 915 839 quae
940 797 1046 839 odisti,

664 846 793 887 Nosque
816 846 905 879 salva
929 844 1051 877 meritis

714 894 825 927 matris
849 893 923 926 1esu
949 891 1079 927 Christi,

287 979 354 1008 Cod.
377 979 580 1008 Carolsruhan.
601 978 723 1016 Augien.
752 976 797 1007 36.
824 986 899 1006 saec.
921 975 995 1006 14l115.
1016 991 1054 996 —
1073 974 1099 1012 3,
1124 974 1141 1003 6
1161 977 1260 1012 pravis
1280 983 1349 1003 non.
1371 989 1398 993 -
1430 972 1474 1008 15,
1496 972 1514 1003 3

209 1019 398 1054 putredinem.
424 1032 462 1037 -—
488 1015 538 1052 40,
560 1015 578 1045 8
603 1026 692 1045 meae.
720 1032 758 1036 —
785 1015 837 1051 49,
858 1015 875 1043 7
895 1016 936 1043 Et
961 1016 1059 1044 verba.
1086 1029 1123 1034 -
1144 1012 1189 1050 57,
1210 1013 1230 1042 4
1249 1012 1458 1041 indesinenter.
1477 1028 1516 1032 —

209 1055 258 1091 60,
280 1056 297 1083 7
318 1058 385 1084 Heu
404 1059 474 1084 tunc
493 1056 611 1083 doloris.
687 1052 737 1091 60,
758 1053 776 1083 8
796 1057 866 1082 tunc
884 1053 965 1082 fehlt.
986 1068 1023 1072 —
1044 1050 1093 1087 66,
1115 1050 1133 1080 3
1154 1061 1236 1088 cogo.
1256 1066 1294 1071 -—
1315 1050 1365 1087 69,
1388 1050 1405 1078 7
1426 1060 1463 1079 ne
1483 1053 1515 1079 in

209 1096 308 1122 morte.
334 1109 371 1114 -
391 1093 435 1128 74,
449 1092 466 1121 5
486 1094 543 1121 Per
561 1096 591 1121 te
609 1093 697 1128 mihi3
719 1093 788 1121 oder
808 1094 1002 1121 construiere:
1024 1090 1138 1127 aliquid
1157 1091 1202 1118 tui
1221 1090 1341 1118 doloris.
1362 1104 1398 1108 —
1421 1087 1483 1123 106,
1498 1089 1515 1117 7

210 1132 293 1166 Quod
316 1133 389 1168 ipsa·
419 1146 448 1151 -—
470 1129 532 1166 116,
548 1130 564 1158 Ἷ
585 1131 670 1159 Num
690 1132 761 1159 sine.
783 1146 819 1150 —
837 1130 953 1158 Vorher
971 1130 1054 1167 geht:
1075 1129 1185 1165 Incipit
1201 1128 1343 1156 Planctus
1364 1128 1515 1164 gloriosis-

209 1171 299 1197 simae
321 1171 444 1205 virgim's
464 1170 593 1206 Mariae3
614 1169 704 1197 daun:

470 1228 577 1255 Lector
596 1235 684 1263 posco
705 1227 761 1263 pie,
782 1227 907 1263 virginis
930 1233 1091 1254 memorare
1109 1225 1233 1258 Mariae,

469 1265 537 1293 Non
557 1265 606 1293 hic
626 1267 773 1293 auctorem
792 1266 908 1301 reputes
931 1264 983 1292 sed
1002 1272 1110 1300 quaere
1130 1271 1274 1300 saporem,

469 1303 551 1337 Esto,
573 1311 692 1340 quaeso,
712 1305 791 1331 mitis
812 1305 841 1330 et
859 1311 912 1338 pro
933 1302 1044 1330 factore
1063 1303 1200 1338 preceris,

470 1340 512 1368 Ut
530 1349 618 1369 verae
637 1341 708 1369 vitis
729 1340 849 1369 caelesti
869 1340 944 1368 dono
966 1341 1091 1368 satieris.

287 1397 414 1424 Hierauf
429 1396 503 1433 folgt
521 1398 569 1424 ein
586 1398 729 1434 Prologus
750 1400 782 1425 in
801 1398 884 1425 sechs
907 1396 1208 1433 Sequenz-Strophen.
1248 1396 1392 1424 Derselbe
1411 1397 1452 1423 ist
1467 1405 1515 1423 zu—

210 1436 449 1471 sammengesetzt
468 1443 520 1463 aus
533 1436 636 1463 Teilen
650 1436 701 1463 der
717 1436 864 1473 Sequenz:
884 1435 985 1471 Surgit
999 1434 1131 1462 Christus
1148 1443 1213 1462 cum
1227 1437 1348 1471 tropaeo
1363 1432 1514 1470 (Kehrein,

209 1472 258 1500 ΝΥ.
281 1470 345 1506 227)
369 1472 430 1500 und
454 1472 504 1500 der
522 1472 633 1501 letzten
653 1473 777 1509 Sirophe
797 1473 848 1501 der
868 1473 1016 1510 Sequenz:
1047 1472 1148 1501 Gaude
1168 1472 1255 1507 Sion,
1282 1472 1360 1507 quod
1381 1480 1515 1509 egressus

210 1508 348 1545 (Kehrein
367 1510 417 1538 Nr.
438 1507 512 1546 800).
554 1512 665 1539 Hieran
685 1511 817 1540 schliesst
835 1511 898 1540 sich
917 1512 993 1539 noch
1013 1512 1061 1539 die
1081 1511 1220 1547 Strophe:

658 1568 750 1604 Virgo
766 1570 868 1603 mater,
889 1569 947 1604 pia,
968 1568 1053 1602 bona,

660 1605 810 1634 Advocata
830 1611 859 1634 et
879 1609 1012 1643 patrona,

697 1644 788 1673 Prece
808 1653 921 1680 semper
941 1645 1043 1673 sedula

659 1682 744 1719 Apud
767 1684 878 1711 curiam
898 1684 1004 1711 summi
1023 1685 1101 1719 regis

657 1720 801 1748 Derelicti
820 1722 900 1749 vices
920 1723 1017 1758 gregis

699 1758 876 1787 Commenda
893 1768 945 1796 per
966 1760 1092 1788 saecula.

286 1813 338 1840 Bei
363 1812 394 1840 11
424 1813 512 1841 steht:
544 1812 681 1850 Sequitur
705 1815 862 1850 confessio,
893 1816 942 1844 bei
965 1817 1025 1844 m:
1060 1816 1200 1853 Sequitur
1226 1818 1380 1853 responsio
1412 1818 1518 1846 beatae

212 1852 332 1885 Mariae,
353 1851 402 1879 bei
420 1851 474 1879 IV:
496 1851 634 1888 Sequitur
652 1854 812 1889 gratiarum
832 1855 908 1882 actio
929 1856 1053 1883 animae.

623 1991 684 2022 162.
714 1991 757 2023 De
779 1990 991 2033 compassione
1011 1993 1098 2025 BMV.

531 2069 582 2101 R0
607 2069 678 2113 Dic,
703 2070 818 2111 Maria,
845 2072 921 2112 quid
944 2072 1054 2105 vidisti

607 2117 857 2159 contemplando
881 2128 1006 2152 crucem
1031 2121 1171 2154 Christi?

224 2194 254 2228 1.
282 2193 355 2226 Vidi
380 2194 485 2226 Iesum
509 2193 693 2238 adligatum,
906 2197 937 2230 2.
963 2196 1038 2229 Vidi
1062 2199 1189 2231 turbam
1214 2200 1411 2242 cognitorum

286 2242 338 2274 Sic
362 2242 472 2282 aspexi
499 2241 622 2274 dulcem
646 2245 755 2275 natum
961 2243 1118 2278 Undecim
1142 2249 1358 2288 apostolorum

284 2290 433 2323 Vinctum
458 2290 532 2322 duci
554 2290 597 2322 ad
621 2289 759 2322 Pilatum
960 2291 1061 2327 Gravi
1082 2297 1170 2327 metu
1192 2296 1386 2329 Iudaeorum

331 2339 536 2371 peecatorum
565 2337 718 2371 manibus.
1011 2340 1171 2375 Christum
1197 2343 1428 2385 derelinquere.
