1653 2608
649 87 905 130 *187-

161 213 170 222 .
197 187 321 234 Gaude,
348 191 433 230 quod
457 190 491 223 in
516 192 661 225 trinitate

196 236 242 269 Et
265 237 299 268 in
324 240 393 270 tota
419 239 540 272 deitate

195 284 299 317 Deum
326 287 429 318 cernis
455 288 581 319 oculate

196 332 315 365 Adhuc
340 333 449 367 vivens
473 335 528 366 hic
551 335 663 376 beate3

243 380 367 413 Eadem
393 391 443 414 me
467 383 613 415 trinitate

198 428 424 469 Contemplata
450 430 570 462 deitate

195 474 326 509 Perfrui
351 476 404 509 fac
428 478 461 509 in
487 478 601 510 beatae

198 524 334 563 Requiei
360 526 518 558 claritate.

160 692 169 699 .
196 666 321 705 Gaude,
348 667 437 707 virgo
464 671 562 708 casta,
586 677 677 710 pura,

197 714 288 753 Quod
314 723 353 746 ex
378 716 464 747 omni
494 719 640 748 creatura

195 762 242 795 Es
268 762 381 804 electa,
408 763 556 804 genitura

197 810 359 844 Christum
383 811 538 843 trinitatis
565 819 658 851 cura;

240 857 297 891 Me
321 859 381 890 tibi
407 868 533 891 servum
558 859 651 900 elige,

195 906 391 946 Diligentem
416 910 450 939 te
474 907 580 947 dilige,

197 954 277 987 Cum
303 954 413 986 electis
439 963 490 986 me
515 955 629 994 collige

195 1002 241 1034 Et
265 1002 307 1033 ad
334 1003 455 1034 caelum
479 1010 531 1033 me
557 1002 669 1042 dirige.

161 1086 168 1093 .
197 1059 320 1099 Gaude,
347 1060 431 1099 quod
457 1061 491 1091 te
514 1061 648 1090 matrem
672 1057 734 1089 Dei

196 1106 275 1145 Scis,
302 1110 471 1148 memento,
497 1115 623 1149 precor,
648 1105 721 1146 mei,

193 1155 242 1187 Tu
267 1163 385 1186 ancora
409 1162 499 1186 meae
523 1155 603 1195 spei,

194 1203 262 1242 Qua
286 1202 452 1234 salvantur
476 1210 583 1234 omnes
604 1201 669 1242 rei;

242 1249 403 1283 Memento
428 1258 551 1290 quoque
577 1258 722 1281 carorum

197 1298 342 1338 Utroque
366 1307 446 1330 sexu
470 1306 622 1338 meorum,

199 1346 351 1378 Vivorum
377 1348 409 1377 et
434 1343 665 1382 defunctorum,

198 1394 288 1426 Dans
313 1394 363 1425 his
390 1394 474 1426 dona
498 1393 724 1433 praemiorum.

159 1476 168 1483 .
195 1451 319 1491 Gaude,
345 1451 431 1491 quod
457 1458 490 1481 es
515 1450 716 1492 imperatriX,

191 1499 383 1540 Imperantis
409 1498 471 1531 Dei
497 1498 604 1537 latrix,

193 1547 302 1587 Larga
325 1546 437 1579 veniae
463 1546 611 1578 donatrix

193 1595 239 1627 Et
260 1597 452 1627 maestorum
476 1593 688 1633 consolatrix3

240 1642 446 1683 imperatrix,
471 1641 646 1681 impetrare

195 1690 338 1724 Inimicis
363 1694 399 1721 tu
426 1689 567 1730 dignare,

194 1739 254 1778 Qui
279 1747 329 1770 me
351 1740 508 1779 quaerunt
526 1738 748 1777 condemnare,

194 1787 244 1819 Ne
272 1795 324 1818 me
348 1788 467 1827 queant
490 1794 653 1825 superare.

826 194 857 227 6.
885 192 1006 233 Gaude,
1032 191 1144 224 videns
1168 189 1364 231 baptizatum

880 242 910 272 A
935 241 1076 273 Iohanne
1099 239 1162 272 Dei
1186 242 1304 279 natum,

884 288 969 320 Voce
993 287 1094 328 patris
1120 295 1216 320 nosce
1242 287 1350 319 datum

881 335 928 367 Et
951 337 1121 376 pneumate
1141 336 1354 378 illustratum,

931 384 994 416 Per
1017 386 1050 414 te
1074 383 1151 415 mihi
1174 384 1261 415 rivus
1290 384 1382 415 detur

881 430 1110 471 Lacrimarum,
1136 440 1196 471 quo
1221 430 1346 462 lavetur

883 478 1002 510 Reatus
1028 481 1060 509 et
1084 478 1272 522 baptizetur,

886 525 1029 558 Christus
1054 529 1159 558 mente
1184 535 1253 558 cum
1279 529 1414 558 tenetur.

824 668 878 702 10.
906 668 1028 710 Gaude,
1055 669 1139 708 quod
1165 668 1390 708 omnipotentis

903 716 967 748 Dei
991 719 1093 748 mater
1118 725 1151 748 es
1177 720 1209 748 et
1231 717 1329 748 sentis

907 765 1162 804 omnipotentem
1186 767 1219 795 te
1243 764 1345 804 gentis

906 812 1141 844 Miseratricem
1166 812 1326 852 degentis,

952 860 1052 891 Tuam
1078 860 1210 891 ostende
1233 859 1409 898 potentiam

905 907 1006 938 Tuam
1032 909 1127 945 atque
1152 907 1361 946 clementiam,

904 954 1014 986 Hostis
1039 953 1169 985 domans
1195 954 1358 986 saevitiam

903 1001 948 1033 Et
974 1001 1090 1033 iudicis
1115 1001 1315 1033 sententiam.

869 1081 876 1088 .
904 1058 1027 1097 Gaude,
1038 1058 1122 1097 quod
1130 1061 1293 1097 assumpta
1301 1059 1431 1099 gaudes,

906 1105 963 1138 Cui
990 1105 1100 1145 dignas
1127 1115 1204 1138 cano
1230 1105 1351 1148 laudes,

906 1154 996 1193 Quod
1013 1155 1161 1194 potenter
1178 1153 1248 1194 quis
1270 1157 1303 1185 et
1321 1155 1430 1194 audes,

902 1202 1014 1234 Hostis
1037 1201 1126 1233 saevi
1150 1202 1228 1234 seda
1252 1200 1400 1242 fraudes;

949 1250 1029 1282 Post
1060 1251 1093 1280 te
1118 1250 1211 1281 trahe
1235 1258 1285 1280 me
1307 1251 1432 1281 tuorum

902 1298 941 1329 In
966 1295 1065 1330 odore
1088 1299 1329 1339 unguentorum,

902 1345 948 1378 Ut
971 1348 1004 1377 te
1029 1353 1144 1385 sequar
1169 1346 1210 1377 ad
1236 1345 1396 1376 caelorum

904 1393 1024 1437 Regna,
1051 1393 1147 1424 decus
1173 1392 1366 1432 angelorum.

868 1477 876 1484 .
902 1451 965 1483 Per
989 1451 1052 1482 ista
1078 1450 1214 1481 decem
1242 1450 1359 1490 gaudia

902 1498 996 1530 Dona
1019 1498 1159 1530 sedecim
1184 1498 1336 1538 praemia,

903 1546 990 1585 Quae
1013 1546 1198 1587 promisisti,
1225 1545 1343 1586 Maria,

903 1594 1011 1635 Virgo,
1037 1602 1173 1634 regnans
1193 1594 1315 1634 inclita,

950 1644 999 1674 Ac
1022 1641 1153 1682 insuper
1175 1641 1240 1674 alia

903 1689 1050 1722 Concede
1075 1690 1265 1729 necessaria,

908 1737 995 1777 Quae
1019 1738 1099 1769 mihi
1125 1738 1188 1770 scis
1211 1738 1314 1777 utilia,

904 1786 1126 1826 orphanorum
1151 1788 1253 1818 mater
1278 1786 1342 1825 pia.

200 1852 269 1881 Ood.
291 1851 499 1880 Oarolsruhan.
519 1850 646 1888 Augienf
672 1849 717 1880 36.
745 1861 821 1880 saec.
851 1849 927 1880 l⁴²l15.
948 1867 985 1871 —
1006 1851 1031 1886 1,
1054 1850 1070 1879 1
1096 1853 1180 1889 virgo
1207 1851 1289 1880 fehlt.
1310 1868 1348 1872 —
1369 1850 1394 1887 1,
1415 1851 1431 1878 7

121 1901 168 1920 me
187 1895 237 1920 tuo
258 1894 337 1919 nato.
357 1907 396 1911 —
415 1889 442 1928 3,
458 1889 476 1917 7
496 1898 543 1917 me
562 1891 644 1919 fehlt.
664 1905 702 1910 —
722 1889 749 1925 4,
767 1890 781 1919 1
803 1899 878 1928 quae
898 1891 975 1919 dum.

539 1984 601 2016 184.
638 1984 680 2016 De
700 1983 758 2016 XII
779 1983 907 2017 Gaudjis
927 1984 1014 2016 BMV.

134 2059 165 2092 1.
194 2057 315 2101 Gaude,
340 2061 443 2090 mater
468 2057 624 2098 speciosa,

239 2106 348 2139 Mater
372 2106 434 2138 Dei
458 2105 555 2149 regia,

190 2156 259 2189 Iam
284 2154 318 2186 in
345 2154 441 2186 caelis
465 2154 614 2194 gloriosa,

236 2202 416 2236 Benedicta
440 2201 556 2242 Maria,

189 2252 237 2285 Te
260 2251 428 2284 laudamus
453 2250 596 2292 pretiosa

237 2299 302 2332 Per
328 2299 376 2331 bis
401 2308 479 2331 sena
503 2299 629 2339 gaudia.

822 2059 855 2089 2.
881 2056 1004 2097 Gaude,
1030 2056 1120 2096 virgo
1146 2055 1313 2098 virginum,

925 2105 1042 2144 Maria,
1069 2108 1171 2136 mater
1198 2102 1327 2143 Christi,

878 2153 958 2192 Quia
981 2153 1120 2193 primum
1147 2151 1296 2193 gaudium

925 2201 1026 2234 Nobis
1053 2200 1224 2239 contulisti,

877 2249 1010 2289 Quando
1035 2249 1122 2280 velut
1147 2248 1252 2280 oriens

924 2299 1053 2331 Aurora
1076 2296 1224 2336 prodisti,

878 2346 958 2379 Ortu
982 2349 1037 2378 tuo
1062 2344 1205 2376 tribuens

322 2383 341 2405 *
419 2410 439 2432 >24
516 2382 536 2403 *
925 2393 1045 2427 Lucem
1070 2392 1188 2424 mundo
1213 2391 1309 2425 tristi.
