1651 2606
731 76 988 120 2167-

203 178 284 214 114.
298 177 361 213 Die
385 182 491 213 autem
515 181 612 214 tertia

348 227 475 261 Christo
501 232 696 271 resurgente,

301 276 453 317 Captivos
474 277 514 310 ab
539 276 652 309 inferis

347 333 454 356 secum
481 326 645 365 educente,

297 371 526 405 Descendebat
548 373 680 414 angelus

349 420 390 452 de
416 421 504 453 caelo
529 423 662 461 repente

299 469 420 501 Terrae
443 471 531 501 motu
555 468 678 508 pariter

348 514 434 548 facto
462 516 655 550 vehemente.

209 591 287 624 115.
302 592 409 624 Maria
432 591 627 633 Magdalena

349 640 392 671 ad
415 639 557 672 tumbam
581 639 738 680 pergebat

301 687 476 728 Secumque
500 689 644 720 aromata

346 738 461 774 parata
486 734 621 776 ferebat,

298 782 369 815 Nec
393 792 483 816 arma
507 792 567 816 nec
590 784 733 816 homines

348 829 434 863 feros
459 831 631 874 metuebat,

301 878 366 911 Sed
389 878 555 912 ferventer
581 879 717 920 diligens

348 925 519 959 Dominum
545 927 728 967 quaerebat.

208 1001 286 1036 116.
302 1002 340 1034 In
365 1003 506 1035 tumbam
531 1003 689 1043 aspiciens

352 1050 514 1083 Christum
539 1060 601 1083 non
626 1049 768 1090 videbat,

305 1098 503 1131 Conturbata
526 1098 662 1139 amplius

349 1145 508 1179 sublatum
535 1145 695 1188 credebat,

304 1193 512 1226 Consolantes
538 1193 667 1235 angelos

350 1242 464 1275 audire
487 1242 660 1282 metuebat,

302 1289 393 1322 Nulli
417 1290 479 1322 nisi
500 1290 638 1323 Domino

350 1338 482 1378 placere
506 1337 644 1371 valebat.

208 1412 286 1447 117.
301 1413 345 1445 Et
370 1414 444 1454 quia
468 1413 644 1446 ferventius

351 1462 466 1494 ceteris
493 1462 676 1502 quaerebat,

301 1509 370 1550 Ipsi
394 1510 455 1542 soli
479 1509 634 1543 Dominus

351 1558 474 1599 primus
500 1557 688 1599 apparebat,

300 1605 353 1645 Et,
379 1616 421 1638 ne
446 1615 517 1638 eum
543 1609 698 1648 tangeret,

352 1655 460 1686 statim
484 1653 687 1696 prohibebat,

303 1701 379 1743 Sed,
406 1703 492 1744 quod
517 1703 624 1735 vivum
648 1702 786 1742 viderat,

351 1748 506 1783 fratribus
534 1750 670 1785 dicebat.

209 1825 288 1861 118.
303 1826 465 1860 Passionis
489 1827 621 1862 Domini

348 1874 439 1909 finito
465 1885 575 1919 agone,

301 1923 347 1956 Et
372 1934 411 1956 ex
434 1923 537 1957 Iudae
561 1932 678 1965 genere

349 1972 497 2006 vincente
520 1973 623 2015 leone,

303 2019 463 2054 Suscitato
487 2020 554 2054 filio

350 2069 498 2110 victoque
524 2070 673 2110 dracone,

308 2117 397 2159 Ergo
420 2117 484 2151 Dei
504 2118 649 2158 genetrix

352 2165 479 2199 dolores
506 2166 639 2207 depone.

207 2242 286 2279 119.
304 2242 457 2276 Gaudens
481 2243 558 2277 vide
581 2242 641 2276 filii

350 2301 467 2334 corpus
491 2292 682 2333 immortale,

302 2341 429 2375 Subtile
455 2344 488 2374 et
511 2341 595 2383 agile

350 2392 383 2423 et
410 2391 591 2434 spirituale,

891 401 968 434 120.

893 811 970 845 121.

893 1221 971 1255 122.

893 1634 971 1668 123.

893 2050 973 2085 124,

984 179 1040 214 Gui
1064 189 1127 212 non
1152 177 1280 212 nocebit
1303 178 1375 220 plns

1030 228 1231 260 coniunctum
1256 227 1395 266 carnale,

982 275 1181 316 Resurrexit,
1207 276 1242 306 ut
1268 274 1349 306 dixit

1032 324 1084 357 die
1108 323 1243 364 quodam
1269 322 1344 354 tale.

984 401 1019 435 Si
1042 401 1159 441 gaudet
1183 398 1376 440 Magdalena

1031 450 1100 482 viso
1123 449 1299 488 peramato,

985 497 1046 537 Qui
1069 504 1138 528 eam
1162 495 1345 528 absolverat

1033 553 1052 576 a
1077 553 1133 576 suo
1158 545 1300 582 peccato,

985 592 1088 624 Multo
1114 590 1212 631 magis
1238 589 1340 630 gaude
1366 592 1410 631 tu,

1032 641 1145 678 mater,
1170 639 1240 670 viso
1263 640 1340 669 nato

985 689 1024 721 In
1049 690 1114 720 tam
1139 687 1212 718 vivo
1239 693 1372 725 corpore

1033 736 1097 767 iam
1120 732 1306 775 glorificam.

985 811 1150 851 Deprecor
1174 813 1216 852 te,
1244 810 1381 852 domina,

1034 862 1066 890 et
1089 858 1172 891 hanc
1195 857 1431 898 Magdalemm,

985 907 1108 946 Iuvate,
1133 909 1170 938 ut
1195 906 1329 945 cogitem

1034 953 1155 986 Christi
1180 953 1265 993 passi
1292 960 1426 992 poenam

986 1003 1093 1041 Atque
1118 1000 1343 1032 conscientiam

1032 1048 1168 1081 habeam
1192 1056 1347 1086 serenam,

985 1097 1048 1129 Dei
1073 1099 1168 1136 atque
1193 1095 1330 1136 proximi

1034 1144 1200 1177 caritatem
1224 1144 1363 1185 plenam.

987 1220 1060 1253 Tibi
1087 1230 1147 1261 epa
1172 1219 1270 1252 offero

1033 1271 1136 1301 mater
1156 1268 1236 1300 haec
1261 1268 1378 1308 divina,

986 1318 1182 1357 Angelorum
1209 1316 1345 1355 domina,

1034 1365 1193 1397 caelorum
1218 1364 1339 1407 regina⁷

985 1413 1125 1445 Reorum
1148 1411 1317 1453 refugium,

1034 1461 1137 1502 aegris
1162 1460 1330 1500 medicina,

985 1509 1067 1549 Hoc,
1091 1510 1126 1540 te
1149 1517 1236 1549 rogo,
1263 1508 1401 1549 suscipe,

1034 1557 1129 1589 stella
1154 1566 1172 1589 0
1198 1557 1332 1589 marina.

986 1634 1134 1676 Domina,
1160 1633 1302 1674 legentes
1330 1633 1391 1665 hoc

1036 1683 1194 1723 deprecor
1218 1682 1338 1725 audito,

987 1731 1120 1771 Saepius
1145 1729 1325 1770 legentibus

1034 1779 1089 1819 pie
1112 1778 1292 1819 subvenite,

986 1827 1144 1868 Legentes
1166 1826 1361 1869 saepissime,

1036 1884 1077 1907 ne
1097 1875 1224 1919 cadant,
1251 1873 1373 1912 fulcito,

986 1924 1059 1957 Hoc
1084 1925 1227 1956 amantes
1252 1922 1364 1955 intime

1034 1974 1072 2004 ut
1095 1974 1166 2004 tuos
1189 1971 1322 2005 munito.

986 2050 1043 2082 Mc
1066 2052 1104 2082 ut
1126 2051 1226 2089 tuum,
1254 2047 1392 2089 domina,

1035 2098 1115 2131 velis
1140 2096 1312 2135 custodire,

988 2146 1062 2180 Tibi
1087 2154 1216 2187 semper
1242 2151 1318 2185 coge
1343 2151 1394 2175 me

1038 2195 1152 2228 devote
1176 2192 1307 2233 servire,

987 2244 1119 2283 Precor,
1144 2249 1186 2275 ne
1211 2242 1251 2274 de
1277 2241 1383 2273 cetero

1034 2291 1201 2332 indignum
1222 2288 1330 2331 perire

989 2341 1058 2374 Nec
1082 2339 1145 2373 nisi
1168 2339 1337 2381 praesente
1365 2333 1420 2381 [te]

1037 2389 1123 2422 sinas
1149 2395 1201 2419 me
1226 2385 1325 2419 obire.
