1653 2608
694 93 951 132 —155-—2-

173 190 228 224 13.
255 190 354 224 Mone
378 194 475 233 atque
498 193 650 233 pietatem
859 194 913 228 15.
940 192 1013 237 Sed,
1041 202 1059 225 ο
1086 191 1164 225 felix
1189 191 1358 233 advocata,

257 241 359 273 Tuam
383 249 482 280 penes
509 243 691 282 egestatem,
942 241 1028 281 Quae
1053 240 1263 273 clamantibus
1287 243 1402 280 parata

306 286 364 319 Cui
391 288 607 328 subiacemus3
989 288 1078 322 Soles
1103 288 1265 327 advenire,

258 334 348 379 Spes,
369 344 462 376 quam
478 337 518 368 de
530 339 563 368 te
578 339 788 377 reportamus,
943 336 1076 369 Nostras
1101 344 1213 376 preces
1238 335 1437 368 admittendo

258 382 354 415 Cuius
380 383 530 423 precibus
555 392 732 426 speramus,
943 384 1105 424 Nobisque
1137 383 1358 423 compatiendo

306 430 397 469 Quod
421 432 503 464 salvi
527 431 648 464 fiemus.
995 431 1082 463 Velis
1108 431 1286 464 subvenire.

175 487 231 521 14.
256 487 409 528 Alioquin
433 489 505 521 viee
527 496 623 521 versa
862 489 919 522 16.
945 489 992 522 Ut
1012 489 1188 528 redemptis
1212 491 1246 520 te
1266 489 1406 526 iuvante,

261 537 397 575 Propter
421 544 521 577 opera
544 544 707 576 perversa,
942 537 1040 578 Virgo
1065 540 1138 576 post
1162 541 1288 577 partum
1314 538 1347 567 et
1371 538 1455 575 ante,

306 583 427 622 Quibus
450 582 665 623 inhaeremus,
989 585 1111 616 Lumen
1135 585 1242 616 vultus
1267 584 1326 624 sui,

256 631 290 663 Si
315 631 398 662 iuste
424 631 646 671 diiudicemur,
944 632 1040 674 Velit,
1066 631 1146 664 nolit
1170 632 1270 664 hostis
1295 631 1406 669 victum,

255 678 316 719 Ne,
333 678 416 718 quod
427 679 521 719 absit,
534 679 788 716 condemnemur,
943 680 1076 711 Promat
1105 679 1259 722 Christus,
1286 678 1472 711 benedictus

303 725 447 758 Maxima
471 726 629 759 timemus.
989 726 1126 759 Fructus
1150 728 1270 760 ventris
1294 727 1351 760 tui.

236 781 307 809 Cod.
327 781 493 810 Londinen.
513 783 557 811 Re
581 803 587 809 .
608 782 625 810 7
646 782 672 810 A
691 782 743 810 VI.
764 790 839 810 saec.
862 780 935 811 ¹4l15.
959 796 996 800 —
1017 779 1048 817 6,
1072 780 1086 809 1
1109 782 1219 810 Videris
1240 790 1341 809 cursus
1362 782 1414 809 sic.
1436 795 1471 800 —-

159 820 184 853 6,
207 816 225 846 6
244 820 413 855 Despectui.
434 836 472 840 —
494 818 537 854 10,
598 820 683 848 Sicut
701 829 780 848 anua
799 820 954 857 praedixit.

578 912 638 943 158.
670 911 712 943 De
732 911 946 951 compassione
968 910 1052 942 BMV.

475 974 505 1007 1.
533 974 656 1015 Venite,
683 981 787 1005 mares
814 976 846 1004 et
870 972 1016 1010 feminae,

532 1021 698 1053 Ploremus
724 1029 794 1052 cum
818 1023 922 1052 matre
945 1019 1078 1062 virgine,

532 1067 718 1101 Planctibus
744 1066 888 1100 fruamur
912 1067 1034 1100 intimis

531 1116 648 1149 Facies
672 1115 809 1156 rigando
833 1114 976 1148 lacrimis

575 1163 652 1196 Cum
682 1163 797 1196 Maria.

476 1222 509 1256 2.
537 1221 599 1254 Cor
623 1222 767 1253 nostrum
791 1221 898 1260 ploret
923 1224 955 1252 et
978 1220 1097 1260 oculus,

531 1269 598 1303 Nos
623 1271 745 1309 pungat
769 1268 885 1301 amoris
910 1268 1068 1310 stimulus,

530 1317 612 1356 Heu,
638 1318 742 1348 mater
768 1324 878 1348 carens
904 1315 1049 1357 contagio

531 1365 611 1397 Tam
638 1364 723 1396 dulci
748 1364 894 1405 privatur
918 1363 985 1396 filio

572 1412 612 1445 1n
638 1412 798 1451 sepulcro.

474 1471 506 1505 3.
531 1470 689 1502 lnnccens
715 1472 747 1500 et
768 1477 885 1509 expers
911 1468 1051 1501 criminis

530 1517 671 1550 Moritur
694 1517 844 1549 misertus
869 1516 1015 1561 hominis,

532 1564 693 1598 Maeroris
718 1565 816 1597 simus
842 1564 990 1605 consocii,

532 1615 611 1648 Cum
635 1613 733 1645 simus
759 1621 856 1645 causa
880 1613 1040 1653 supplicii,

576 1660 654 1693 Cum
683 1660 798 1693 Maria.

472 1722 505 1754 4.
534 1719 645 1752 Gloria
669 1718 803 1759 virginis
827 1718 904 1758 filio,

533 1767 593 1807 Qui
616 1776 676 1807 pro
701 1766 793 1799 nobis
818 1767 852 1799 in
878 1766 989 1799 exsilio

533 1816 574 1848 Se
601 1814 691 1848 dedit
715 1814 882 1847 tormentis
908 1815 1031 1856 asperis

532 1865 639 1897 Vitam
665 1863 832 1896 reddendo
856 1863 981 1895 miseris

574 1912 653 1944 Cum
682 1910 797 1945 Maria.

237 1970 346 2000 Cursus
365 1971 436 1999 hinc
455 1969 525 1998 inde
545 1968 677 2002 collecti,
699 1969 771 2005 imp.
793 1967 945 2005 Augustae
967 1965 1048 1995 1487.
1069 1983 1106 1987 —
1129 1965 1153 2001 1,
1174 1966 1193 1995 2
1213 1975 1279 1995 cum
1298 1966 1396 1995 Maria
1415 1967 1472 1994 vir-

156 2012 235 2047 gine.
258 2025 291 2029 —
313 2007 342 2044 3,
360 2008 381 2038 4
400 2017 509 2039 sumus.
531 2023 568 2028 —
588 2006 617 2042 4,
637 2007 657 2036 4
678 2007 764 2035 Liesz
783 2006 826 2035 Ut
843 2007 936 2034 vitam
959 2006 1092 2035 redderet
1110 2006 1246 2035 miseris?

578 2092 642 2125 159.
673 2092 716 2123 De
734 2090 948 2132 compassione
969 2090 1058 2123 BMV.

172 2157 203 2191 1.
229 2156 334 2189 Verus
358 2155 462 2198 homo,
491 2163 584 2187 verus
609 2153 706 2196 Deus,
860 2153 892 2185 2.
917 2152 961 2185 Et
987 2151 1107 2185 videris
1133 2151 1257 2183 ratione

230 2204 371 2245 Propter
394 2212 466 2236 reos
493 2200 597 2235 factus
621 2210 706 2242 rente,
916 2199 990 2232 Non
1014 2200 1068 2232 hie
1092 2199 1197 2233 minus
1219 2198 1253 2229 in
1279 2206 1381 2239 agone

281 2252 384 2286 Carne
410 2249 624 2292 crucifigitur3
965 2248 1092 2281 Tulisse
1117 2256 1210 2287 quam
1235 2244 1338 2285 filius;

229 2303 284 2336 Sic
310 2302 454 2335 salvator
479 2300 718 2339 condemnatur,
919 2297 1017 2331 Suum
1044 2304 1159 2337 corpus
1183 2294 1343 2326 victimam

227 2351 274 2385 Ut
300 2359 386 2383 mors
411 2349 481 2381 iure
506 2349 671 2384 moriatur,
920 2346 1028 2385 Dedit,
1055 2347 1141 2376 tuam
1167 2344 1304 2375 animam

276 2400 353 2432 Vita
376 2400 491 2440 sponte
514 2396 660 2431 moritur.
967 2392 1181 2427 Pertransivit
1205 2391 1343 2433 gladius,
