1651 2606
209 205 320 236 20124.
347 208 378 236 O.
406 222 443 228 -—
475 210 555 238 Orat.
581 210 641 239 San
664 211 777 240 allense
801 209 867 240 485.
894 219 970 239 saec.
993 209 1037 240 15.
1057 213 1094 240 D.
1121 227 1156 231 —
1187 209 1211 247 1,
1233 211 1250 239 2
1279 213 1366 241 Fehlt
1384 213 1424 245 A;
1446 213 1526 241 Vera

210 246 307 275 ferens
333 247 445 283 gaudia
470 248 508 275 D.
533 263 572 268 —
592 248 618 282 2⁷
687 251 745 285 Qui
766 253 917 286 susceptus
937 259 990 287 per
1008 250 1044 278 D.
1066 264 1102 270 ——
1124 249 1150 285 3,
1174 250 1188 279 1
1209 251 1235 278 A
1256 252 1364 288 quibus
1384 253 1414 278 et
1432 252 1467 279 B.

210 282 236 317 3,
260 283 281 312 4
306 285 479 314 verberatus
505 286 539 321 A,
561 288 597 315 D.
624 303 662 307 —
687 286 713 323 3,
735 286 753 316 5
778 288 879 326 Sputis
907 288 939 316 C.
962 302 1001 307 —·
1024 286 1051 323 4,
1073 288 1090 318 5
1118 289 1143 317 O
1162 290 1232 318 Iesu
1251 290 1328 318 bone
1347 290 1384 317 D.
1405 304 1441 308 —
1458 290 1485 323 4,
1508 288 1524 317 6

210 331 312 352 servos
338 324 373 350 in
398 326 535 353 aeternae
557 326 634 354 lucis
654 326 696 362 A3
724 335 826 355 servos
853 330 990 355 aeternae
1013 326 1089 355 lueis
1109 328 1181 361 ΒΑ).
1213 343 1239 347 -
1258 326 1285 362 4,
1305 326 1322 355 7
1344 327 1387 356 Ac
1407 328 1442 356 de
1461 329 1527 355 vita

211 370 271 398 qua
289 362 329 398 133
352 362 388 390 de
408 363 460 390 via
479 371 538 398 qua
557 364 594 392 D.
614 378 653 382 —
672 363 699 399 4,
721 362 739 392 8
759 366 791 392 in
811 365 907 401 gloria
929 365 961 392 C.

268 400 355 466 t-„De‘z
378 402 468 466 agmis
496 401 606 430 Christi
633 404 742 437 oratio,
771 400 885 439 [quam]
914 404 965 439 qui
991 403 1099 432 dixerit
1120 405 1247 433 meretur
1267 405 1293 433 L
1314 412 1407 433 annos
1426 404 1522 432 indul-

210 446 267 474 gen
282 447 337 467 iae.
414 459 421 466 .

669 571 717 602 84.
746 571 791 603 De
811 570 960 611 sepulcro
985 572 1014 602 D.
1035 571 1065 603 N.

227 639 256 673 1.
285 639 390 681 Salve,
417 641 599 682 sepulcrum
624 641 742 680 nobile,
911 644 941 675 4.
970 643 1049 676 Cum
1074 642 1151 675 tuba
1175 643 1254 674 haec
1277 642 1424 685 intonuit,

284 688 333 720 Tu
358 688 487 727 plenum
514 696 547 720 es
572 693 757 728 aromatum,
971 691 1053 724 Caro
1079 690 1146 722 eius
1171 688 1316 722 refloruit

283 735 333 767 Tu
356 744 466 768 manas
489 737 522 768 in
550 737 731 778 dulcedine,
971 737 1125 771 Claritate
1148 737 1286 770 mirifica

286 783 323 814 lu
348 785 382 814 te
405 783 469 816 Dei
495 784 640 818 deliciae.
968 786 1146 826 Resumpta
1171 784 1278 817 divina
1302 785 1417 818 anima.

226 841 256 873 2.
283 840 323 872 In
348 843 381 872 te
406 844 499 881 pater
525 844 557 872 et
580 841 675 886 filius,
910 842 941 875 5.
970 843 994 875 Ο
1020 843 1126 874 anima
1149 842 1357 882 sanctissima,

288 888 423 920 Sanctus
447 897 571 930 quoque
596 891 771 930 paraclitus
969 890 1056 929 Quae
1082 888 1268 929 confregisti
1288 892 1421 931 tartara,

286 936 493 968 Humanitate
518 937 605 970 socia
969 937 1117 969 Animam
1141 945 1243 968 meam
1269 936 1364 969 visita

286 982 421 1015 Sumunt
445 983 610 1024 amplexus
636 988 668 1015 et
692 986 810 1019 oscula.
967 985 1006 1017 In
1032 984 1135 1015 exitus
1160 992 1236 1015 suae
1260 984 1348 1017 hora.

224 1040 256 1072 3.
285 1041 323 1073 In
349 1044 382 1071 te
406 1040 541 1081 quiescit
556 1041 668 1073 unicus
911 1042 941 1073 6.
970 1040 1082 1073 Gloria
1106 1040 1175 1084 tibi,
1203 1040 1348 1079 Domine,

284 1087 439 1120 Caelestis
462 1088 564 1120 leonis
586 1088 720 1132 catulus,
968 1088 1029 1128 Qui
1053 1088 1221 1120 surrexisti
1246 1097 1265 1120 a
1289 1087 1423 1120 mortuis

282 1135 381 1175 Quem
407 1135 573 1168 iubilando
600 1137 780 1179 resuscitat,
968 1136 1046 1168 Cum
1071 1138 1165 1176 patre
1191 1137 1222 1168 et
1246 1138 1356 1168 sancto
1381 1136 1496 1175 spiritu

282 1182 367 1214 Dum
398 1192 521 1226 „sui-ge,
547 1180 660 1224 surge“
683 1185 836 1217 clamitat.
967 1184 1005 1216 In
1030 1183 1227 1224 sempiterna
1250 1184 1389 1217 saecula.

287 1249 368 1277 Orat.
402 1257 456 1277 mS.
485 1250 634 1278 Caeciliae
658 1250 787 1287 Hughen
815 1252 885 1278 anui
911 1249 994 1279 1524.
1035 1250 1105 1278 Cod.
1133 1249 1337 1285 Stuttgartien.
1362 1249 1412 1286 (ol.
1436 1250 1519 1277 Miss.

207 1288 421 1353 {iangbssugglenq
453 1286 495 1316 lb
520 1286 567 1316 22.
602 1303 639 1308 —-
670 1289 804 1317 Caecilia
829 1289 960 1326 Hughen
984 1296 1045 1315 war
1072 1289 1179 1316 Nonne
1211 1289 1243 1315 in
1268 1288 1446 1316 Neukloster
1472 1289 1522 1316 bei

234 1334 273 1353 ΠΧ
287 1334 303 1353 e
325 1335 344 1354 U.
366 1335 390 1354 e.

561 1457 607 1488 85.
642 1456 801 1489 salutatio
821 1458 1022 1498 resurgentis
1042 1456 1172 1489 Domini.

222 1529 253 1560 1.
281 1526 386 1571 Salve,
413 1527 497 1568 Iesu,
524 1536 606 1567 agne
628 1528 802 1571 paschalis,
906 1529 938 1562 4.
965 1528 1014 1560 Tu
1040 1528 1144 1567 campi
1168 1528 1268 1560 nostri
1292 1525 1441 1560 flosculus

277 1575 328 1607 Tu
352 1575 490 1607 victima·
507 1576 632 1617 legalis,
964 1577 1151 1616 Purpureus
1176 1579 1210 1607 et
1230 1573 1375 1616 floridus,

279 1623 329 1655 Tu
353 1622 471 1655 iubilus
494 1624 642 1656 mentalis
966 1623 1111 1664 Quinque
1134 1632 1271 1655 vernans
1297 1621 1383 1655 foliis

278 1670 322 1703 Et
347 1674 460 1703 cantus
484 1671 650 1712 nuptialis.
964 1672 1088 1704 Tinctis
1113 1671 1220 1703 colore
1244 1672 1418 1711 sanguinis.

219 1730 250 1761 2.
278 1729 427 1761 Amorem
454 1728 585 1761 vincens
611 1729 755 1761 cordium
907 1731 939 1763 5.
965 1730 1014 1761 Tu
1039 1729 1140 1761 lilium
1167 1729 1359 1761 convallium

277 1776 323 1809 Et
346 1785 465 1817 augens
493 1776 698 1818 desiderium,
965 1776 1099 1817 spirans
1130 1777 1261 1809 odorem
1287 1776 1520 1817 suavissimum,

277 1824 326 1856 Tu
351 1823 540 1864 gaudiorum
566 1824 717 1865 gaudium
965 1825 1089 1857 Nomen
1115 1827 1203 1856 tuum
1228 1825 1333 1856 oleum

275 1872 322 1905 Te
349 1872 614 1907 desiderantium.
962 1872 1106 1905 Effusum
1132 1875 1165 1904 et
1187 1872 1376 1906 balsamum.

216 1931 247 1964 3.
276 1931 326 1963 Tu
360 1938 394 1962 es
415 1930 553 1971 pulcher
576 1929 635 1963 flos
660 1930 830 1975 paschalis,
905 1933 936 1965 6.
961 1931 1045 1971 Iesu,
1070 1939 1144 1963 rosa
1170 1934 1202 1962 et
1225 1930 1320 1970 viola,

277 1978 434 2020 Agonista
458 1978 673 2020 triumphalis,
967 1979 1106 2019 Eloquia
1130 1981 1186 2010 tua
1210 1978 1330 2017 suavia,

277 2027 348 2059 Rex
374 2030 406 2058 et
430 2036 566 2066 sponsus
590 2027 793 2069 immortalis,
966 2027 1155 2060 Extendens
1181 2035 1215 2058 os
1242 2029 1273 2058 et
1299 2025 1439 2068 brachia,

278 2074 337 2107 Cui
361 2075 468 2107 nullus
494 2078 542 2107 est
567 2076 721 2116 aequalis.
969 2075 1132 2107 Praebens
1158 2074 1323 2116 amplexus
1350 2077 1381 2106 et
1403 2074 1520 2106 oscula.

661 2134 691 2166 7.
718 2133 861 2167 Ostende
884 2136 970 2166 tuam
1001 2132 1116 2165 faciem

721 2180 823 2214 Nobis
850 2180 1106 2222 desiderabilem,

720 2229 864 2263 Iucunda
889 2229 990 2262 redde
1015 2231 1148 2270 pectora

716 2278 767 2311 De
791 2280 847 2310 tua
870 2279 974 2310 morte
998 2277 1138 2310 turbida.

277 2342 359 2372 Orat..
379 2352 435 2371 ms.
449 2341 601 2371 Caeciliae
614 2342 744 2378 Hughen
765 2344 835 2370 anni
853 2340 937 2371 1524.
958 2342 1030 2370 God.
1044 2342 1249 2377 stuttgartien.
1268 2337 1318 2375 (ol.
1330 2338 1415 2367 Miss.
1429 2339 1521 2368 Ham-

202 2382 334 2449 buirgen.)
364 2379 406 2411 lb
433 2379 482 2410 22.
503 2398 541 2402 —
562 2378 588 2416 2,
612 2379 627 2409 1
647 2381 761 2409 Morem
781 2383 912 2409 vincens.
933 2396 971 2402 ——
991 2380 1018 2416 5,
1038 2379 1059 2409 4
1080 2382 1125 2409 esi:
1143 2379 1316 2408 balsamum.
1330 2392 1369 2396 —
1382 2377 1408 2412 7,
1422 2376 1442 2406 4
1461 2381 1521 2407 tur-

198 2429 228 2456 pi
251 2429 277 2450 a.

1306 2464 1324 2494 7
1334 2463 1349 2480 *
