1653 2608
672 103 933 140 —1212-

161 194 216 235 11.
245 198 313 232 Nos
337 197 470 241 pariter,
496 207 554 234 nos
579 201 725 243 dulciter,
849 203 901 236 12.
928 201 1053 235 Mentes
1078 211 1161 242 unge
1187 204 1217 234 et
1243 211 1417 244 compunge

292 248 359 280 Nos
386 248 503 290 iugiter
526 248 660 293 inebria,
974 251 1016 283 Et
1043 249 1205 291 coniunge,
1232 251 1281 282 vis
1306 250 1433 291 amoris,

241 295 363 328 Manna
387 306 497 328 verum
523 299 556 328 et
579 297 748 340 sincerum,
926 298 974 329 Tu
1003 306 1035 330 es
1060 298 1147 338 pium
1172 295 1337 341 refugium,

288 344 391 375 Misce
415 353 536 376 merum
559 353 628 377 cum
654 344 755 385 copia.
976 345 1134 379 Gaudium
1159 345 1346 386 peccatoris.

504 412 559 445 13.
585 411 682 452 Spita
706 412 805 453 gratis
831 410 974 453 fatigatis

631 459 734 491 Dulce
756 461 845 500 satis,
871 463 1015 492 sanctum
1037 458 1162 500 flamen,

583 507 629 538 Te
653 506 822 540 laudamus
848 511 880 539 et
904 510 1061 550 optamus,

584 552 676 606 ¹²:1st
703 554 846 588 vivamus
870 555 904 587 in
928 558 970 588 te.
1020 557 1134 588 Amen.

222 639 301 667 Orat.
322 646 374 666 ms.
395 639 518 666 Maioris
540 638 715 668 carthusiae
735 648 810 668 saec.
834 637 908 669 ¹4l15.
950 640 1020 669 C‘od.
1041 640 1306 677 Gratianopolitan.
1330 638 1393 668 181.

561 789 618 820 114.
650 788 697 820 Ad
716 787 867 829 Spiritum
887 789 1042 821 Sanctum.

157 877 188 910 1.
215 878 307 918 Veni,
336 880 462 910 creator
487 878 632 919 Domine,
840 880 872 911 4.
900 878 1086 918 Scripturae
1112 878 1152 910 da
1182 878 1336 919 notitiam,

215 926 307 967 Veni,
335 925 437 958 dulcis
461 926 627 966 paraclite,
899 925 1099 964 Memoriam,
1126 924 1316 969 facundiam,

213 974 308 1013 Veni,
337 982 354 1006 ο
382 973 634 1012 clementissime,
900 974 969 1012 Qua
994 973 1100 1005 verbis
1125 974 1225 1005 sacris
1250 972 1415 1014 profluam,

215 1021 283 1053 Tuo
310 1021 400 1061 reple
424 1029 481 1053 nos
503 1021 638 1056 numine,
901 1020 945 1053 Et
970 1022 1034 1053 oris
1059 1021 1100 1052 da
1126 1021 1310 1053 custodiam.

154 1088 189 1121 2.
217 1087 307 1129 Veni,
334 1087 445 1120 divina
468 1088 583 1128 pietas,
841 1088 875 1120 5.
903 1088 955 1120 Da
977 1087 1057 1119 mihi
1081 1090 1113 1119 te
1137 1088 1281 1130 diligere,

212 1135 303 1175 Veni,
335 1144 458 1167 summa
482 1135 673 1177 benignitaS,
899 1135 950 1167 Da
974 1135 1058 1168 bona
1083 1139 1197 1168 cunct-a
1221 1145 1335 1176 sapere

211 1182 304 1225 Veni,
329 1182 480 1223 perennis
505 1183 641 1223 bonitas,
898 1183 942 1215 Et
965 1191 1063 1223 opere
1086 1182 1253 1224 perficere,

213 1230 305 1273 Veni,
332 1240 453 1263 summa
474 1233 508 1262 tu
534 1230 661 1264 caritas,
900 1231 991 1270 Quod
1016 1234 1120 1262 tecum
1144 1231 1264 1271 possim
1289 1231 1406 1266 vivere.

155 1297 186 1330 3.
212 1298 265 1330 Da,
289 1297 367 1329 mihi
393 1306 447 1330 cor
473 1297 619 1338 docibile,
842 1298 873 1330 ὃ.
899 1298 951 1330 Da
976 1297 1124 1331 faclenda
1148 1297 1256 1330 facere

213 1346 370 1377 Mundum
396 1349 492 1386 atque
516 1346 708 1386 intelligens,
899 1344 968 1378 Nec
992 1347 1116 1387 agenda
1141 1347 1316 1388 neglegere,

214 1394 283 1433 Quo
307 1394 415 1433 sciam,
444 1393 550 1434 velim,
578 1392 690 1425 faciam
898 1393 950 1425 Da
973 1393 1064 1426 bonis
1089 1402 1140 1426 me
1163 1394 1330 1427 intendere

213 1440 356 1481 Semper,
382 1441 468 1481 quod
492 1445 540 1474 est
564 1441 766 1475 conveniens,
897 1441 942 1473 Et
966 1444 998 1472 te
1023 1451 1181 1482 nunquam
1205 1441 1374 1476 offendere.

215 1525 285 1554 Ood.
307 1525 336 1553 S.
356 1526 499 1554 Floriani.
519 1525 565 1553 XI
588 1524 650 1553 122.
679 1533 755 1554 saec.
778 1524 821 1554 16.
843 1540 881 1545 -—
900 1523 926 1560 3,
948 1523 966 1552 2
987 1529 1016 1554 et.
1035 1527 1218 1562 intellegens.
1240 1542 1279 1547 —
1297 1525 1324 1561 3,
1346 1524 1363 1555 3
1385 1528 1449 1562 Quo

137 1565 292 1593 scientiam
317 1563 417 1592 velim.
443 1580 480 1585 —
505 1564 589 1593 Nach
615 1564 671 1592 Str.
700 1563 718 1592 6
744 1564 820 1592 noch
848 1564 966 1600 Anfang
993 1566 1074 1592 einer
1101 1565 1280 1601 Doxologie:
1312 1565 1359 1593 Sit
1385 1567 1451 1595 laus

137 1604 216 1640 patri
235 1611 303 1631 cum
321 1602 393 1631 filio.

428 1744 485 1776 115.
521 1745 562 1776 De
583 1742 704 1776 Christo
725 1744 759 1776 D.
781 1744 813 1775 N.
835 1745 867 1776 et
886 1744 1008 1787 Spiritu
1027 1744 1150 1777 Sancto.

151 1836 180 1869 1.
208 1836 267 1879 Tu,
287 1834 425 1877 Christe,
445 1838 587 1868 nostrum
602 1834 762 1875 gaudium,
823 1837 856 1869 4.
870 1836 930 1876 Qui
954 1835 1035 1868 caeli
1058 1836 1174 1876 pandis
1200 1837 1315 1869 ostium

206 1884 309 1916 Amor
333 1886 365 1916 et
391 1882 595 1924 desiderium,
869 1884 976 1917 Patris
1000 1884 1116 1916 sedens
1140 1884 1173 1916 in
1196 1886 1307 1926 gloria,

206 1932 294 1965 Deus
321 1934 446 1965 creator
470 1933 618 1972 omnium,
868 1933 923 1964 Ad
948 1932 1021 1964 hinc
1045 1932 1237 1972 promissum
1261 1933 1411 1974 gaudium

208 1981 257 2013 Tu
281 1983 348 2013 esto
373 1984 517 2013 nostrum
543 1980 703 2022 gaudium.
869 1980 920 2013 Da
944 1983 1129 2021 exspectata
1153 1981 1279 2021 gaudia.

147 2051 180 2083 2.
205 2047 291 2087 Iesu,
316 2048 501 2089 redemptor
525 2048 674 2086 omnium,
822 2050 854 2082 5.
868 2047 964 2081 Cuius
988 2049 1104 2081 suxisti
1127 2049 1238 2089 ubera,

205 2097 310 2129 Homo
336 2095 440 2129 factus
467 2105 506 2129 ex
530 2095 646 2135 Maria,
868 2096 948 2129 Eius
974 2105 1070 2137 prece
1094 2097 1286 2137 paraclitum

204 2145 254 2177 Tu
281 2147 348 2177 esto
373 2147 519 2177 nostrum
541 2144 692 2186 gaudium
866 2145 1019 2188 Demitte,
1049 2144 1153 2185 patris
1177 2154 1309 2178 munera

203 2193 371 2226 Mundana
395 2192 526 2225 vincens
551 2193 678 2232 gaudia.
868 2192 1018 2225 Sanctum
1045 2193 1176 2226 daturus
1201 2193 1358 2234 spiritum.

146 2264 177 2296 3.
206 2260 264 2294 Oui
289 2259 373 2302 magi
398 2258 507 2294 ferunt
530 2268 663 2293 munera
821 2262 853 2294 6.
868 2260 964 2293 Mitte
990 2262 1055 2293 eius
1081 2261 1209 2302 solacia,

204 2309 375 2351 Supplices
399 2309 441 2341 ad
466 2309 700 2349 praesaepium,
868 2309 927 2343 Cui
952 2309 1064 2343 damus
1089 2310 1121 2341 iu
1147 2310 1368 2351 praeconium:

204 2358 253 2390 Tu
278 2357 409 2391 scandis
434 2366 533 2397 supra
558 2356 666 2391 sidera
870 2358 1023 2401 „Beata
1046 2357 1175 2390 nobis
1200 2355 1375 2398 gaudia“

204 2406 358 2439 Nostrum
381 2404 508 2439 futurus
533 2404 719 2447 praemium.
867 2406 912 2439 Et
927 2409 1031 2452 „esto
1045 2408 1218 2439 nostrum
1230 2403 1441 2447 gaudium.“
