1653 2608
475 211 506 243 2.
531 210 655 244 Grandi
680 210 770 245 vobis
797 212 904 245 debito
928 211 1046 255 ligatis,

534 258 567 292 Si
592 268 656 292 non
681 259 815 299 habetis,
842 260 928 292 unde
951 258 1094 303 solvatiS,

532 306 695 348 Optimum
719 307 902 340 thesaurum
929 306 1126 340 concernatis

720 355 757 387 In
784 364 886 389 cruce.

474 451 505 483 3.
534 449 644 489 Culpis
670 448 815 482 infinitae
840 451 1036 491 quantitatis,

531 497 632 529 Immo
658 497 780 529 eunctis
803 498 905 538 culpis
931 497 1113 539 adgregatis

537 543 639 577 Divus
665 544 793 585 sanguis
819 544 933 577 fortior
959 549 1008 577 est
1031 544 1109 577 satis

718 592 757 624 In
783 600 885 626 cruce.

474 688 507 720 4.
533 685 583 719 Ibi
610 686 730 726 pendet
753 696 865 719 munus
890 688 1044 730 caritatis,

533 733 584 766 Ibi
609 734 792 767 victimatur
816 744 875 774 pro
899 737 1052 777 peccatis,

535 782 594 821 Qui
619 781 801 814 libertatem
828 784 948 815 cunctis
976 784 1032 816 dat
1055 782 1155 825 gratis

718 830 757 863 In
783 838 887 863 cruce.

476 927 509 959 5.
536 924 561 958 Ο
588 924 745 965 signanda
769 928 901 966 pectore
924 926 1087 965 memoria,

534 972 559 1005 Ο
586 972 755 1013 praeclara
778 972 906 1005 Domini
932 973 1075 1012 victoria,

535 1020 656 1060 Purgat
679 1020 831 1052 mundum
855 1020 957 1052 virtus
982 1020 1171 1061 purgatoria

719 1067 757 1099 In
783 1076 887 1100 cruce.

476 1164 507 1197 6.
533 1162 742 1203 Expurgatur
767 1165 857 1195 vetus
881 1162 975 1195 Adae
999 1162 1112 1200 scoria,

536 1209 631 1243 Cedit
653 1210 761 1251 limus,
785 1210 929 1250 aperitur
953 1210 1065 1252 gloria,

539 1257 731 1290 Declaratur
754 1258 854 1290 virtus
880 1258 1035 1290 amatoria

720 1306 758 1338 In
784 1314 888 1338 cruce.

473 1400 504 1433 7.
530 1399 583 1432 Ibi
608 1402 658 1431 est
681 1399 824 1432 abscissa
849 1399 1015 1439 fortitudo,

531 1447 584 1481 Ibi
607 1446 761 1480 livefacta
785 1447 1003 1488 pulchritudo,

532 1495 582 1527 Ibi
607 1502 642 1527 se
669 1494 821 1528 diffundit
844 1495 1012 1535 plenitudo

718 1543 757 1576 In
783 1551 888 1577 cruce.

475 1630 507 1662 8.
533 1629 620 1670 Ergo
645 1629 673 1661 si
698 1630 741 1661 sit
766 1630 878 1670 culpae
903 1630 1099 1671 magnitudo,

530 1676 606 1710 Sola
629 1677 744 1709 mentis
770 1677 849 1710 assit
872 1678 1058 1718 paenitudo‚

533 1725 649 1758 Vincet
673 1725 804 1765 pietatis
829 1726 1000 1758 multitudo

718 1774 757 1806 In
784 1782 885 1805 cruce.

476 1861 508 1893 9.
535 1859 646 1902 Surge,
674 1869 778 1901 surge,
805 1861 858 1900 qui
885 1860 1015 1904 dormis,
1042 1868 1182 1900 propera

531 1908 592 1940 Dei
621 1908 764 1940 crucifixi
789 1908 894 1941 lambe
918 1909 1060 1949 vulnera,

533 1955 602 1988 Sibi
630 1956 816 1997 derelinque
840 1959 896 1989 tua
920 1957 1044 1989 scelera

717 2004 756 2037 In
782 2013 887 2038 cruce.

453 2091 507 2126 10.
537 2091 675 2133 Christe,
703 2092 757 2132 qui
783 2091 886 2123 tulisti
909 2091 990 2123 lenis
1016 2100 1142 2132 aspera,

534 2137 691 2179 Crucifige
714 2141 844 2172 nostrae
869 2140 974 2171 carnis
999 2148 1108 2180 opera,

533 2186 654 2220 Nostra
677 2187 764 2221 mala
789 2187 873 2227 dele,
899 2188 988 2230 tolle,
1014 2195 1131 2228 supera

717 2236 758 2268 In
784 2244 886 2267 cruce.

221 2321 293 2349 Clm.
323 2322 479 2349 Monacen.
506 2320 556 2355 (01.
589 2320 815 2357 Emmeramen.)
843 2319 941 2350 14343
969 2323 1040 2350 anni
1066 2318 1149 2348 1351.
1173 2334 1211 2339 —-
1235 2317 1261 2354 3,
1290 2317 1308 2348 3
1337 2320 1465 2348 Divinus

141 2361 274 2399 sanguis.
301 2375 335 2379 --
370 2360 432 2389 Der
449 2360 610 2389 Rundreim
634 2359 687 2398 „In
707 2357 810 2389 cruce“
832 2361 873 2389 ist
891 2361 924 2389 iu
943 2360 995 2390 der
1014 2361 1067 2390 Hs.
1089 2357 1318 2398 unrtgelmiissig
1337 2359 1464 2389 verteilt.
