1651 2606
186 191 241 224 16.
271 192 380 224 Annas
404 192 512 226 Iesum
536 193 678 235 Caiphae

317 239 405 271 misit
429 240 605 282 alligatum,

270 286 338 326 Quo
363 287 451 319 necis
477 289 646 321 concilium

319 337 390 366 erat
418 339 653 377 congregatum,

268 381 402 414 Falsum
426 384 643 416 testimonium

318 429 437 463 iniuste
462 431 623 471 prolatum

270 477 458 510 Producunt
482 479 515 511 in
540 479 680 512 medium

319 528 432 558 contra
456 526 518 558 Dei
543 529 664 559 natum.

189 602 246 635 17.
273 601 417 643 Velatur,
445 603 630 643 conspuitur

320 647 420 682 facies
446 649 551 690 beata,

273 697 404 739 Palmis,
429 697 543 738 pugnis
569 697 725 740 caeditur,

322 753 414 784 quem
440 754 517 785 gens
542 746 701 777 scelerata

272 792 373 825 Morti
398 795 475 825 tunc
500 793 666 825 adiudicat

323 840 363 873 de
390 841 511 873 cunctis
536 841 672 882 ingrata,

270 888 376 920 lesum
403 889 535 921 tradens
560 888 703 928 praesidi

320 939 415 969 nocte
438 936 501 968 iam
525 934 645 977 fugata.

194 1013 248 1046 18.
276 1013 400 1045 Ductus
425 1013 625 1054 paenitentia

322 1061 462 1093 traditor
486 1061 632 1100 accessit,

273 1108 422 1148 Triginta
447 1110 614 1150 argenteos

322 1156 443 1188 iaciens
469 1156 613 1197 recessit,

274 1203 460 1243 Desperans
487 1205 527 1236 de
551 1204 645 1236 venia

323 1254 435 1292 guttur
459 1250 536 1284 fune
562 1250 689 1291 pressit,

274 1299 341 1332 Aes
366 1300 503 1331 relatum
526 1308 704 1340 pauperum

327 1348 513 1386 sepulturae
539 1347 643 1379 cessit.

193 1424 248 1457 19.
276 1424 331 1455 Ad
356 1423 498 1456 Pilatum
524 1423 667 1464 dirigunt

323 1472 487 1512 ingentem
513 1471 701 1503 clamorem:

278 1519 373 1551 Hune
397 1520 500 1560 perde
526 1519 661 1551 celerius

326 1568 430 1609 gentis
455 1567 692 1607 subversorem,

276 1616 336 1656 Qui
363 1619 494 1656 captare
518 1616 637 1655 satagit

324 1664 449 1704 regium
474 1663 628 1696 honorem

277 1711 315 1744 In
339 1711 470 1744 tributis
496 1720 633 1751 arguens

325 1760 545 1793 Romanorum
569 1767 700 1792 morem.

192 1840 250 1873 20.
277 1838 414 1870 Praeses
438 1845 502 1869 non
526 1837 691 1868 inveniens

329 1894 456 1917 causam
481 1883 717 1917 condemnandi

277 1934 382 1966 Iesum
410 1934 468 1966 dat
493 1933 630 1965 examini

326 1981 467 2014 Herodis
492 1979 636 2020 nefandi,

278 2031 365 2063 Alba
390 2034 479 2062 veste
503 2030 622 2069 tegitur

327 2088 397 2111 cum
426 2079 580 2117 despectu
606 2077 730 2118 grandi,

281 2128 386 2160 Pilato
411 2126 587 2158 remittitur

326 2176 360 2208 in
386 2174 511 2214 signum
538 2172 676 2205 amandi.

196 2256 254 2288 21.
280 2253 374 2286 Uxor
398 2249 516 2284 suadet
539 2248 693 2290 praesidi,

328 2302 431 2334 iustus
456 2307 498 2331 ne
521 2297 679 2340 laedatur,

280 2348 444 2382 Barrabas
471 2345 655 2384 dimittitur,

329 2398 421 2431 Iesus
446 2393 638 2436 flagellatur,

813 93 953 134 ‘'75—

956 193 1116 227 Amicitur
1139 202 1292 235 purpura,

1006 242 1106 281 spinis
1137 244 1316 282 coronatur,

961 288 1118 330 Crucifige
1144 288 1285 322 crebrius

1006 337 1098 377 plebs
1123 335 1328 370 vociferatur.

877 415 933 447 22.
961 415 1133 454 Postquam
1156 421 1268 444 manus
1293 412 1419 446 laverat

1007 469 1137 501 praeses
1162 460 1347 501 sceleratus,

958 509 1048 541 Iesus
1073 517 1200 540 crucem
1223 507 1347 540 baiulat

1007 556 1118 595 poenis
1143 554 1305 596 fatigatus,

962 604 1070 636 Simon
1094 603 1180 635 tollit
1202 606 1314 642 postea

1007 651 1065 682 sed
1090 649 1282 692 angariatus,

961 698 1008 730 Ut,
1032 698 1154 739 seipsas
1181 696 1329 738 defleant,

1007 743 1119 777 fientes
1145 748 1194 777 est
1217 744 1356 778 adfatus

881 822 935 854 23.
962 822 1041 854 Cum
1068 821 1189 854 duobus
1217 822 1343 854 ducitur

1009 869 1052 900 ad
1076 869 1177 901 locum
1203 877 1387 912 poenarum,

965 915 1123 949 Crucifixo
1148 916 1296 955 poculum

1009 964 1184 1003 propinant
1208 972 1361 1002 amarum,

963 1011 1054 1044 Tunc
1080 1010 1196 1043 dimitti
1220 1010 1364 1049 postulat

1012 1058 1132 1090 crimen
1156 1057 1354 1098 lanistarum,

962 1106 1070 1138 Vestis
1095 1108 1182 1138 sorte
1206 1105 1340 1145 tollitur,

1009 1162 1085 1193 pars
1109 1153 1323 1185 induniarum.

883 1231 938 1264 24.
965 1230 1061 1263 Cruci
1086 1229 1229 1262 scribens
1254 1230 1382 1261 titulum

1011 1276 1126 1309 adfixit
1150 1278 1283 1317 Pilatus,

966 1326 997 1357 A
1023 1325 1137 1357 scribis
1163 1325 1311 1357 illuditur

1015 1373 1102 1404 cruci
1127 1372 1350 1412 conclavatus3

968 1420 1115 1453 Pendens
1141 1420 1216 1451 hinc
1241 1419 1470 1460 blasphemiam

1014 1468 1154 1507 loquitur
1181 1468 1358 1506 damnatus,

969 1516 1068 1555 Quem
1093 1515 1212 1547 sodalis
1237 1515 1407 1554 increpans

1015 1571 1146 1602 prorsus
1172 1565 1221 1594 est
1245 1563 1397 1595 salvatus.

885 1642 941 1674 25.
965 1640 1105 1672 Matrem
1129 1641 1206 1671 tunc
1230 1639 1409 1671 maestitiae

1017 1687 1153 1720 Iohanni
1179 1686 1343 1730 commisit,

969 1735 1035 1768 Soli
1060 1736 1166 1767 lumen
1193 1733 1305 1776 defuit,

1017 1792 1127 1815 vocem
1153 1791 1223 1814 cum
1250 1782 1364 1822 emisit,

968 1831 1056 1863 Deus
1080 1839 1180 1870 meus,
1208 1830 1360 1868 clamitat,

1017 1882 1053 1910 ut
1079 1879 1156 1919 quid
1182 1887 1232 1910 me
1258 1878 1398 1910 dimisit(

968 1929 1007 1961 In
1033 1935 1133 1967 agone
1156 1926 1295 1966 positum

1018 1975 1112 2007 turba
1137 1978 1224 2007 stans
1254 1974 1374 2008 derisit.

887 2056 943 2088 26.
972 2053 1204 2086 Consummatis
1229 2050 1375 2083 omnibus

1019 2101 1099 2134 Sitio
1126 2100 1284 2140 clamavit,

973 2149 1034 2182 Cui
1058 2148 1104 2180 fel
1127 2156 1187 2189 per
1212 2155 1376 2187 spongiam

1018 2197 1111 2229 miles
1137 2195 1331 2236 propinavit,

974 2244 1188 2277 Lacrimando
1213 2243 1360 2283 spiritum

1018 2293 1105 2334 patri
1131 2289 1374 2329 commendavit,

971 2342 1126 2374 Lassatus
1149 2337 1313 2371 doloribus

1021 2389 1161 2421 clamans
1187 2384 1372 2426 exspiravit.
