1653 2608
239 234 296 266 25.

240 474 295 507 30.

238 712 294 746 35.

237 952 293 986 40.

233 1191 289 1225 45.

232 1429 287 1462 50.

230 1669 285 1703 55.

228 1911 282 1945 60.

224 2154 281 2186 65.

225 2396 268 2428 70

675 91 933 128 —179—

324 186 420 221 Cuius
445 187 485 220 ab
512 190 642 222 aeterno
668 192 776 231 gustus
802 191 889 223 lavat
913 191 1018 224 omnia
1042 190 1139 224 luctu.

322 235 372 267 Tu
396 239 523 277 pratum
551 246 696 279 vernans,
723 240 757 270 tu
782 239 898 279 palma,
926 247 1103 280 cupressus,
1130 240 1223 279 oliva,

321 283 458 316 Munera
484 285 592 317 divina
618 286 738 318 donans
764 289 799 319 tu
825 287 939 321 dextra
965 288 1081 320 dativa.

321 330 372 363 Tu
396 331 521 372 fulgens
547 333 661 377 choriS,
690 334 828 367 candore
852 335 985 368 thronus
1011 334 1198 374 Salomonis,

321 378 370 411 Tu
394 381 607 420 pretiosarum
634 381 785 413 virtutum
809 383 957 423 praedita
983 383 1083 416 donis.

320 428 455 459 Aeterni
480 428 564 469 regis
589 431 624 460 tu
650 427 725 468 filia,
752 433 864 470 mater,
890 430 1001 470 amica,

323 474 371 507 Tu
396 476 514 514 nutrix,
541 475 669 516 ancilla,
695 486 795 518 soror,
821 479 857 509 tu
881 487 999 518 sponsa
1023 479 1149 520 pudica,

319 522 427 555 Triste
450 523 531 555 nihil
556 523 716 565 redolens,
741 524 945 557 lacrimosum
970 527 1016 558 nil
1041 526 1184 566 sapuisti,

322 569 452 611 Singula
477 571 529 611 qui
553 571 639 603 solus
667 572 722 603 dat
745 572 872 614 gaudia,
899 582 990 614 quem
1019 574 1182 615 peperisti.

321 617 448 651 Gaudia
472 618 624 658 gaudenti
649 619 708 651 ‘tibi
734 620 859 661 singula
885 630 951 652 cum
980 620 1181 665 famulentur,

320 666 465 706 Quinque
489 670 595 698 tamen
622 667 752 707 reliquis
778 668 837 700 tibi
862 669 979 709 gaudia
1003 669 1105 710 pluris
1130 669 1298 703 habentur.

321 713 486 746 Primus
512 717 580 746 erat
605 714 747 755 plausus,
772 716 803 747 in
830 725 890 756 quo
915 717 1025 757 gavisa
1050 716 1148 759 fuisti,

319 761 406 793 Voce
431 762 564 794 salutari
590 762 750 795 Gabrielis
777 764 852 795 dum
876 765 1027 805 meruisti,

318 809 403 842 Dum
429 808 550 842 Christi
571 816 706 842 matrem
730 813 765 842 te
788 812 915 844 nuntiat
940 820 1008 844 esse
1033 810 1171 844 futuram

317 858 425 897 Atque
449 858 592 896 puellare
616 861 691 898 post
713 862 840 900 partum
865 860 914 891 ius
940 859 1138 899 habituram3

319 905 464 944 Qualiter
487 905 550 938 hoc
575 908 659 938 esset
683 905 876 946 faciendum,
904 909 996 939 cauta
1019 907 1139 946 petisti,

322 953 462 986 Credula
489 953 529 985 de
550 952 645 992 facto,
668 954 725 985 secl
750 954 832 986 scire
857 954 986 987 modum
1011 954 1149 986 voluisti.

317 1002 480 1041 Prospera
503 1001 677 1032 suecedent
698 1001 732 1033 in
757 1002 873 1041 plausu
898 1004 1012 1033 cuneta
1035 1002 1240 1039 secundo,

318 1049 401 1080 Dum
427 1047 467 1080 de
491 1050 524 1080 te
549 1048 615 1080 vita
640 1057 773 1080 nascens
799 1050 848 1081 est
870 1048 1000 1081 reddita
1024 1049 1152 1088 mundo,

317 1096 403 1128 Pura
426 1096 515 1136 paris
540 1105 683 1139 puerum,
710 1098 885 1138 proprium,
911 1096 1012 1138 virgo,
1039 1100 1222 1137 genitorem,

316 1142 518 1183 Virginitatis
544 1143 664 1175 habens
690 1153 760 1176 cum
785 1144 896 1176 matris
921 1144 991 1176 iure
1015 1144 1189 1185 pudorem,

315 1192 490 1223 Testantur
512 1194 643 1232 partum
667 1194 813 1231 pastores
837 1195 868 1223 et
891 1195 1095 1233 venerantur,

314 1239 484 1280 Dignaque
509 1240 631 1279 pastori
656 1249 777 1272 summo
802 1240 976 1281 praeconia
1002 1241 1128 1273 dantur.

314 1287 352 1319 In
378 1287 496 1319 trino
520 1287 635 1328 plausu
660 1287 778 1327 gaudes
801 1289 923 1321 laetata
947 1288 1054 1331 beato,

315 1335 399 1367 Dum
420 1334 483 1367 tria
507 1338 572 1367 tres
598 1344 688 1375 reges
716 1336 792 1368 dant
816 1336 883 1377 regi
906 1344 1038 1367 munera
1062 1339 1156 1375 nato;

313 1383 418 1422 Reges
443 1383 486 1414 ad
509 1382 587 1415 fidei
610 1383 761 1424 perducit
784 1384 918 1423 praevia
941 1387 1069 1429 portum

315 1430 425 1472 Stella,
450 1439 567 1463 novum
591 1439 697 1472 regem
724 1440 804 1471 quae
829 1431 934 1471 signat
957 1432 990 1463 in
1016 1431 1093 1463 orbe
1118 1431 1293 1471 subortum,

313 1478 419 1511 Carne
441 1478 545 1510 latens
572 1479 674 1510 deitas
698 1479 843 1520 signatur
867 1488 926 1519 per
953 1479 1029 1511 data
1051 1482 1135 1518 tura,

311 1527 426 1559 Murra
449 1535 535 1558 mors
560 1526 706 1567 hominis,
733 1536 810 1559 auro
836 1527 958 1568 regalia
981 1527 1062 1560 iura.

310 1576 495 1615 Quartus
521 1577 593 1607 erat
615 1574 757 1615 plausus,
786 1576 859 1607 dum
884 1577 1054 1616 postquam
1078 1577 1202 1607 maesta
1225 1575 1356 1607 dolebas

311 1620 505 1655 Defunctum
530 1625 639 1655 natum
665 1623 841 1656 redivivum
868 1623 953 1656 laeta
983 1623 1125 1664 videbas,

308 1670 349 1703 In
373 1679 469 1702 cruce
493 1671 544 1703 cui
568 1679 663 1711 passo
687 1672 860 1704 maerendo
886 1669 1086 1712 condoluisti,

311 1718 413 1751 Laeta
436 1719 631 1759 resurgendo
656 1722 765 1751 natum
792 1721 958 1761 complexa
982 1718 1080 1760 fuisti,

310 1766 422 1799 Victor
447 1766 487 1799 ab
515 1765 641 1799 inferno
667 1776 859 1809 consurgens
886 1768 960 1800 dum
985 1767 1072 1800 redit
1093 1767 1178 1809 imis,

310 1816 393 1847 Arte
417 1824 502 1848 nova
528 1823 677 1854 suprema
701 1816 803 1856 ligans
828 1818 1054 1857 postremaque
1080 1815 1202 1857 primis,

309 1863 427 1895 Diruta
451 1863 634 1904 restituens,
659 1864 799 1896 reddens
822 1864 940 1901 ablata,
966 1864 1123 1896 reducens

309 1911 453 1953 Perdita,
479 1915 554 1951 post
578 1913 712 1944 mortem
739 1912 823 1945 vitae
847 1913 990 1945 novitate
1015 1912 1169 1946 relucenS.

308 1959 494 1999 Quintus
520 1959 614 1992 adest
636 1960 780 2001 plausuS,
809 1970 870 2001 quo
895 1961 1039 2002 gaudens
1064 1959 1263 2001 glorificaris,

308 2008 393 2040 Dum
418 2017 515 2048 super
540 2009 699 2048 angelicos
726 2009 809 2041 cives
835 2012 998 2049 assumpta
1019 2008 1160 2049 laetaris,

308 2056 393 2088 Dum
418 2057 547 2089 scandis
571 2057 645 2089 loca
667 2057 820 2099 laetitiae,
843 2057 917 2089 loca
940 2058 1036 2097 plena
1061 2056 1193 2098 favoris,

310 2105 378 2144 Quo
403 2107 511 2137 manet
535 2108 666 2137 aeterna
689 2105 814 2146 requies
837 2105 950 2146 ignara
973 2106 1110 2145 laboris3

307 2153 422 2185 Prisca
443 2152 491 2185 tui
515 2153 583 2185 nati
608 2153 668 2185 tibi
697 2154 771 2186 dum
795 2156 990 2186 memoratur
1017 2156 1153 2194 egestas,

307 2202 374 2234 Iam
401 2201 460 2233 tibi
486 2202 633 2242 regnanti
657 2202 751 2234 nimis
778 2205 827 2234 est
850 2202 999 2235 miranda
1024 2205 1176 2242 potestas,

307 2249 436 2282 Gaudia
459 2249 556 2289 plena
580 2250 699 2293 vigent,
725 2250 782 2283 ubi
805 2260 892 2283 nunc
911 2251 945 2283 in
969 2259 1052 2290 pace
1074 2249 1202 2288 locariS,

307 2298 390 2331 illuc
415 2298 592 2338 virgineum
618 2298 744 2331 thorum
769 2300 895 2332 vexisse
919 2299 1062 2339 put-aris;

305 2346 374 2379 Nos
398 2346 445 2379 ibi
470 2349 628 2388 perpetua
653 2346 798 2380 Christus
822 2346 973 2380 mercede
999 2349 1129 2380 coronet

273 2422 280 2429 .
307 2396 416 2437 Atque
441 2395 505 2428 tuis
530 2395 680 2437 precibus
704 2397 836 2438 plausus
860 2399 936 2437 post
961 2395 1068 2428 tristia
1094 2395 1197 2427 donet.

1215 2446 1274 2477 12*
