1653 2608
693 118 952 157 -105-

180 213 236 247 16.
264 211 368 254 Nunc,
399 223 457 247 rex
483 215 571 249 caelo
595 218 795 261 praesidens,

312 262 465 294 virtutum
491 268 693 305 augmentum

264 310 357 342 Dona
381 311 483 347 nobis,
510 321 682 353 suggerens

310 358 396 390 vitae
421 363 652 401 ornamentum,

260 406 355 438 Mens
382 409 566 439 constanter
592 408 727 447 adpetat

308 453 431 493 gratiae
453 452 628 486 fomentum

261 500 457 541 Semperque
483 502 647 534 desideret

310 548 390 580 caeli
416 549 458 580 ad
484 552 680 584 concentum,

869 219 922 252 17.
949 220 1031 261 Iesu,
1058 228 1143 262 spes,
1169 220 1330 264 solacium,

996 277 1120 300 sacrum
1146 269 1236 301 nobis
1261 269 1376 302 flamen

949 315 1054 359 Mitte,
1081 320 1206 356 patrem
1231 319 1385 362 supplica,

996 372 1122 403 semper
1148 365 1189 396 da
1213 366 1365 408 solamen,

951 411 1087 450 Christe,
1115 414 1147 443 et
1170 412 1342 445 oboediens

997 459 1114 491 amoris
1141 468 1293 492 conamen

948 506 999 537 Ac
1024 510 1099 546 post
1122 507 1184 539 hoc
1208 508 1354 540 exsilium

995 554 1113 585 sanctis
1139 554 1259 588 confer.
1308 558 1423 590 Amen.

241 623 314 650 olm.
334 623 489 650 Monacen.
509 623 557 655 (01.
578 625 730 661 Tegurin.)
751 623 858 654 19354.
879 635 954 655 saec.
971 626 1014 655 15.
1035 643 1073 647 -
1095 626 1139 663 13,
1161 628 1178 657 6
1198 634 1401 659 concenantes.

613 763 660 794 93.
689 764 734 795 De
755 764 888 805 Corpore
908 766 1032 799 Christi.

176 845 207 876 1.
234 846 316 883 Ave,
341 844 425 885 Iesu,
453 846 564 885 pastor
588 844 680 886 bone,

234 893 295 931 Qui
318 895 391 924 tuos
417 892 642 924 commestione

279 940 391 972 Pascis
419 940 524 971 carnis
549 939 710 980 propriae,

234 987 335 1026 Quam
362 988 477 1020 devote
501 987 697 1019 manducare

230 1036 338 1075 Atque
365 1035 461 1075 digne
485 1035 627 1066 salutare

274 1082 358 1114 Mihi
385 1083 479 1115 detur
500 1082 611 1114 hodie.

174 1139 206 1172 2.
232 1141 314 1182 Ave,
341 1149 415 1172 caro
442 1139 561 1172 Christi
585 1139 669 1180 viva,

234 1187 389 1220 Sanitatis
415 1186 570 1224 effectiva,

277 1235 439 1278 virtuosa,
464 1234 580 1274 sapida

230 1283 309 1316 Piae
332 1283 442 1323 menti,
467 1290 548 1322 quae
571 1283 605 1313 te
630 1283 716 1313 amat

228 1331 273 1363 Et
298 1331 463 1370 suspirans
490 1330 533 1361 ad
555 1332 589 1361 te
615 1329 733 1361 clamat

278 1378 380 1410 Fame
403 1378 452 1409 tui
475 1377 638 1417 languida.

169 1438 203 1469 3.
229 1436 310 1479 Ave,
340 1443 423 1474 car0,
452 1434 540 1466 cibus
566 1433 709 1475 grandis,

226 1484 280 1516 Ad
307 1483 442 1515 salutem
469 1482 644 1514 educandis

275 1531 378 1564 Datus
406 1530 636 1570 exsulantibus,

221 1579 268 1612 Ut
291 1580 325 1611 in
350 1579 404 1612 via
429 1580 658 1617 sustententur,

227 1627 341 1660 Donec
364 1627 461 1666 plene
486 1626 644 1658 satientur

273 1675 380 1707 Iuncti
406 1674 488 1706 caeli
513 1673 645 1706 civibus.

167 1734 199 1766 4.
227 1735 309 1773 Ave,
335 1732 440 1772 panis,
467 1740 528 1771 quo
553 1730 644 1762 Elias

229 1779 436 1813 Confortatus
462 1779 600 1819 grandes
623 1778 690 1810 vias

274 1828 397 1861 Montis
421 1827 485 1860 Dei
509 1826 661 1868 ambulat,

226 1878 328 1910 Posce
351 1879 489 1907 mentem
516 1874 720 1914 consolando,

224 1925 312 1965 Quae
337 1924 379 1957 ad
406 1924 510 1957 caelos
535 1923 740 1963 properando

273 1972 386 2005 Carnis
411 1980 549 2005 massam
575 1971 709 2003 baiulat.

866 847 898 879 5.
924 847 1005 886 Ave,
1032 857 1106 880 caro
1131 849 1269 881 delicata

923 894 1074 936 Deitatis,
1100 896 1245 936 saginata

969 942 1078 982 Adipe
1104 943 1297 984 dulcissima,

921 988 970 1020 Tu
994 990 1057 1020 mel
1082 993 1203 1030 petrae,
1236 991 1356 1030 lignum
1381 993 1474 1033 vitae,

925 1035 1003 1067 Man
1028 1038 1173 1075 caeleste,
1201 1046 1314 1078 corpus
1340 1039 1426 1080 mite,

969 1083 1122 1116 Veritatis
1147 1094 1269 1125 azyma.

888 1165 894 1171 .
921 1141 1002 1181 Ave,
1030 1150 1103 1173 earo
1129 1141 1248 1174 Christi
1277 1151 1394 1183 crassa,

920 1188 998 1228 Igne
1023 1189 1181 1228 passionis
1206 1199 1279 1221 assa

969 1235 1080 1268 Crucis
1103 1236 1138 1268 in
1164 1237 1326 1278 craticula,

921 1283 1016 1316 Cuius
1040 1287 1133 1323 gustu
1157 1287 1340 1326 saporatum

919 1330 1040 1362 Horret
1064 1331 1188 1363 animae
1211 1332 1353 1372 palatum

967 1378 1084 1410 Aliena
1108 1378 1240 1412 fercula.

883 1459 890 1466 .
916 1435 998 1475 Ave,
1020 1436 1142 1476 grande
1169 1437 1414 1478 condimentum,

916 1482 1013 1514 Brevi
1037 1484 1165 1515 vasculo
1192 1486 1384 1526 contentum,

964 1529 1177 1562 Medullatum
1203 1532 1341 1573 epulum,

918 1577 1057 1610 Grandis
1081 1579 1165 1611 lasso
1192 1580 1243 1611 via
1268 1583 1377 1619 restat,

914 1625 1125 1665 Exspectatio
1150 1627 1308 1667 molestat,

963 1674 1018 1706 Da
1042 1677 1170 1715 gustare
1192 1674 1355 1715 pabulum,

882 1757 888 1763 .
914 1732 995 1772 Ave,
1025 1731 1169 1772 similago
1194 1741 1285 1776 pura,

914 1778 997 1810 Liba
1021 1777 1106 1811 frixa
1130 1783 1276 1812 assatura

963 1826 1071 1859 David
1096 1830 1128 1859 et
1153 1828 1274 1871 coliria,

918 1875 979 1906 Per
1002 1877 1036 1906 te
1061 1876 1205 1907 cordium
1230 1876 1396 1909 albescant

914 1922 1032 1963 Fusca,
1066 1924 1178 1963 tepida
1203 1924 1372 1968 calescant,

961 1971 1220 2012 impinguescant
1244 1973 1397 2007 marcida.

225 2047 306 2075 Orat.
327 2056 381 2075 ms.
405 2046 569 2083 Campense
589 2048 660 2074 anni
683 2043 766 2074 1462.
805 2045 875 2074 Cod.
895 2046 1113 2075 Darmstadien.
1135 2045 1200 2074 521.

597 2187 644 2219 94.
675 2189 718 2220 De
740 2188 873 2228 Corpore
895 2186 1020 2220 Christi.

509 2270 541 2302 1.
567 2270 639 2302 Ave
666 2270 778 2302 mundi
803 2270 951 2313 pretium,

613 2317 748 2359 Sanguis
773 2318 957 2358 salvatoris,

565 2368 636 2399 Ave
659 2367 745 2398 salus
771 2367 922 2407 gentium,

614 2414 692 2447 Vita
723 2415 948 2456 redemptoris
