1653 2608
247 176 279 209 3.
305 175 441 209 Moreris
468 179 500 208 et
522 178 649 221 morior,

304 224 429 256 Pateris
455 227 487 255 et
509 226 624 266 patior,

305 272 454 304 Maerore
478 271 610 311 afficior,

351 321 467 352 Tecum
484 320 556 351 volo
580 318 674 361 mori3

306 366 366 405 Qui
393 376 426 398 es
450 368 549 398 totum
574 365 733 409 gaudium,

303 414 391 445 Dans
416 413 586 447 Iohannem
610 411 710 443 filium

304 461 367 494 Sed
391 469 524 501 parvum
549 460 723 492 remedium

348 508 493 539 Materno
521 506 632 539 dolori.

247 565 279 598 4.
306 564 407 596 Cerne
429 565 562 595 matrem
586 564 744 605 miseram,

301 610 464 651 Virginem
490 619 690 652 puerperam,

305 658 401 696 Quam
425 657 458 690 in
483 667 575 690 anms
600 661 741 691 teneram

345 706 419 737 Tibi
446 705 611 744 dedicasti,

300 752 347 785 Ut
368 752 523 793 pupillam
548 753 631 785 oculi

298 800 345 831 Te
368 800 493 833 servavi
514 801 641 844 saeculi,

299 847 360 886 Qui
383 850 515 887 peccata
536 848 647 890 populi

344 894 382 926 In
408 903 501 927 cruce
523 896 669 935 portasti.

242 953 273 984 5.
297 951 363 983 Fili
386 952 588 995 venerabilis,

299 998 437 1030 Multum
464 999 672 1040 delectabilis,

298 1045 373 1077 Non
400 1047 448 1078 est,
473 1046 564 1079 dolor
585 1047 697 1079 similis

346 1092 435 1125 Sicut
461 1094 551 1126 dolor
574 1102 678 1134 meus,

297 1140 436 1172 Matrem
461 1144 547 1173 tuam
571 1142 705 1183 respice,

296 1187 363 1219 Fili
388 1189 434 1220 mi
459 1189 651 1230 dulcissime,

299 1234 374 1266 Noli
398 1244 448 1267 me
474 1236 631 1276 deserere,

343 1282 453 1315 Dulcis
478 1292 566 1316 amor
589 1293 686 1318 meus,

243 1340 273 1371 6.
299 1337 364 1370 Fili
388 1341 442 1379 mi,
467 1342 503 1372 tu
526 1341 656 1381 loquere

297 1385 342 1417 Et
365 1387 446 1419 mori
470 1396 521 1419 me
543 1391 665 1429 patere,

301 1432 365 1465 Cur
387 1443 439 1466 me
463 1435 562 1467 solam
586 1435 739 1478 linquere,

347 1480 422 1522 Fili,
447 1482 495 1513 vis
519 1482 672 1515 Iudaeis?

297 1528 379 1569 Heu,
405 1537 491 1561 mors
515 1531 713 1564 amarissima

299 1575 347 1607 Te
369 1576 463 1618 rapit,
491 1586 509 1609 0
529 1579 654 1619 misera,

297 1623 366 1655 Iam
390 1624 521 1656 recedat
540 1625 652 1666 gratia,

343 1670 483 1703 Moreris
506 1681 565 1712 pro
590 1673 661 1705 reiS.

243 1728 274 1759 7.
299 1727 410 1768 Vadis,
438 1736 513 1761 vera
535 1729 649 1770 hostia,

299 1775 414 1807 Mortis
439 1776 480 1807 ad
505 1777 672 1819 supplicia,

299 1821 391 1854 Solus
416 1821 481 1854 fers
506 1824 667 1865 stipendia

345 1870 399 1901 Ad
427 1870 596 1903 salvandas
621 1876 740 1912 gentes.

301 1916 366 1950 Ubi
390 1918 526 1950 Thomas
549 1919 706 1958 Didymus

299 1964 360 1996 Vel
384 1965 497 1997 Petrus
522 1968 692 2011 apostolus,

299 2011 358 2050 Qui
384 2012 532 2044 dixerunt
560 2014 697 2057 „Ibimus

346 2059 463 2093 Tecum
487 2060 705 2094 morientes“?

758 78 1011 114 —170—

950 177 982 208 8.
1009 175 1073 208 Sed
1097 176 1132 206 tu
1155 175 1267 216 plagas
1290 174 1412 217 pateris

920 955 975 989 10.

920 1346 975 1380 11.

920 1736 975 1769 12.

1006 222 1160 254 Mannum
1184 231 1223 254 ac
1246 223 1368 266 lateris,

1004 270 1050 302 Et,
1078 274 1112 302 tu
1137 270 1223 303 solus
1250 270 1377 303 duceris

1051 317 1105 350 Ad
1128 317 1386 359 crucifigendum.

1003 365 1107 397 Natus
1131 365 1202 397 sine
1227 366 1360 399 crimine

1003 413 1054 445 De
1078 421 1129 445 me
1152 416 1255 445 matre
1282 414 1416 455 virgine,

1004 462 1116 502 Agnus
1141 461 1211 493 sine
1233 471 1396 494 murmure

1049 509 1081 541 Is
1107 509 1148 540 ad
1173 510 1406 544 redimendum.

970 590 978 598 .
1005 566 1085 599 Cum
1110 566 1143 598 in
1168 569 1201 598 te
1227 567 1404 605 considero,

1005 613 1098 646 Certe
1121 614 1190 654 pati
1213 614 1307 647 video

1004 662 1115 695 Crucis
1139 662 1173 693 in
1197 662 1342 702 patibulo

1050 710 1127 742 Sine
1152 710 1246 750 culpa
1269 718 1406 752 poenas;

1004 756 1128 795 Quanta
1153 756 1219 788 fers
1243 758 1412 798 supplicia,

1003 803 1155 845 Verbera,
1181 805 1333 845 ludibria,

1001 851 1133 884 Habens
1156 852 1190 884 in
1215 852 1390 894 opprobria

1050 900 1135 931 Tuas
1159 902 1255 940 sputa
1279 909 1386 940 genas,

1000 956 1175 998 Tamquam
1199 958 1282 990 latro
1308 959 1433 998 caperis

1000 1003 1046 1035 Et
1064 1005 1181 1045 ligatus
1209 1006 1334 1037 duceris

1001 1052 1031 1083 A
1057 1052 1185 1085 Iudaeis
1209 1053 1335 1085 miseris

1048 1100 1187 1132 Mortem
1214 1101 1316 1133 crucis
1341 1102 1409 1140 pati

1005 1173 1428 1182 ........

1005 1221 1428 1233 ........

1005 1269 1431 1278 ........

1000 1346 1083 1388 Heu,
1109 1347 1216 1389 Petre,
1243 1358 1299 1380 cur
1325 1348 1495 1391 frangeris,

1001 1393 1145 1427 Firmam
1168 1399 1292 1435 petram
1320 1397 1467 1430 deseris?

1002 1441 1065 1473 Pro
1091 1451 1151 1483 quo
1176 1444 1258 1475 mori
1282 1445 1410 1489 asseris,

1046 1490 1239 1523 Iuramentis
1263 1500 1371 1532 negas.

1001 1536 1088 1569 Ante
1111 1538 1246 1570 multum
1269 1539 1421 1582 loqueris,

1003 1584 1119 1617 Postea
1141 1587 1294 1629 mulieris

1001 1631 1102 1678 Naeh,
1130 1642 1149 1666 a
1173 1635 1272 1667 verbo
1298 1637 1452 1668 sterneris

1045 1681 1153 1721 Atque
1176 1682 1274 1715 vitam
1296 1692 1404 1724 negas.

1002 1736 1094 1770 Solus
1118 1741 1230 1777 pastor
1256 1741 1409 1783 caeditur,

1000 1784 1099 1817 Totus
1125 1795 1203 1826 grex
1229 1788 1434 1831 dispergitur,

1000 1832 1115 1866 Pastor
1138 1833 1239 1867 bonus
1263 1836 1395 1877 patitur,

1046 1880 1093 1912 Et
1118 1889 1196 1913 crux
1220 1882 1311 1923 fugat
1333 1888 1477 1917 mortem.

998 1927 1090 1960 Mors
1120 1933 1224 1961 morte
1250 1931 1435 1974 destruitur,

998 1974 1083 2006 Dum
1108 1975 1155 2007 sic
1178 1978 1245 2010 vita
1269 1979 1415 2023 moritur,

998 2021 1114 2055 Manus
1140 2025 1336 2067 crucifigitur

1045 2070 1089 2102 Et
1115 2071 1273 2106 destruxit
1296 2077 1423 2109 sortem.

580 2119 633 2151 13.
661 2119 765 2158 Quare
788 2124 878 2155 tanta
901 2125 1032 2166 pateris,

660 2167 736 2200 Cum
761 2169 842 2201 nihil
864 2175 1058 2214 peccaveris,

662 2215 766 2255 Quare
789 2226 873 2250 nunc
896 2220 944 2252 sic
965 2223 1109 2264 moreris,

705 2263 817 2296 Dulcis
845 2275 933 2300 amor
957 2269 1069 2302 meus?

303 2317 370 2346 Cod.
385 2318 639 2355 Guelfenbyteran.
662 2318 743 2350 1385.
760 2323 972 2354 Helmstadien.
995 2325 1077 2355 1277.
1097 2337 1173 2357 saec.
1190 2328 1234 2358 15.
1247 2345 1286 2351 —-
1305 2330 1333 2368 ’7,
1351 2331 1366 2360 1
1380 2333 1480 2363 Vadit.
1496 2353 1530 2358 —

227 2354 271 2391 11,
288 2354 302 2383 1
316 2357 386 2384 Heu
403 2366 451 2385 me
469 2358 564 2387 Petre.
584 2373 622 2379 ——
642 2357 688 2394 11,
701 2359 719 2388 2
738 2362 799 2390 iam
818 2361 937 2392 deseris.
957 2380 996 2386 —
1015 2364 1061 2403 11,
1075 2365 1093 2394 5
1103 2367 1142 2396 ln
1153 2370 1184 2396 te
1194 2370 1329 2398 multum-
1342 2385 1382 2391 —
1396 2371 1441 2409 11,
1456 2373 1474 2402 6
1488 2376 1531 2405 Ne

224 2397 309 2423 aucto
329 2397 475 2425 sternaris.
