1653 2608
677 91 934 131 —119—‘u

337 191 583 235 Fructificaque,
609 192 688 225 mihi
713 202 917 234 quaecunque
943 193 1063 225 ‘talenta
1089 191 1217 233 dedisti,

340 239 455 281 Sicque
478 249 565 273 meos
590 249 704 283 moreS,
731 250 855 282 precor,
881 241 914 273 in
940 242 1044 273 aetate
1070 241 1210 279 decores,

338 288 387 321 Ut
409 297 481 321 mea
504 288 548 320 sit
573 297 659 330 cura,
686 289 771 328 quod
797 291 900 331 gestat
923 289 990 321 vita
1013 288 1131 332 futura,

255 335 311 369 30.
336 335 387 367 Ac
408 337 493 377 regis
518 337 587 369 veri
611 345 737 369 merear
766 337 812 368 sic
836 337 911 369 talis
935 336 1058 376 haberi,

336 384 397 424 Qui
421 386 532 417 sancto
555 387 661 416 tecum
687 393 757 415 cum
780 383 909 416 fiamine
932 386 1046 425 regnat
1067 385 1103 417 in
1127 392 1248 417 aevum.

229 460 303 489 olm.
322 460 476 488 Monacen.
495 458 546 495 (ol.
565 458 839 496 Benedietoburan.)
856 458 942 489 4549.
962 468 1039 489 saec.
1061 458 1106 488 11.
1125 475 1162 479 —
1184 457 1222 487 30
1243 460 1327 488 tales.

607 600 663 632 112.
695 598 739 631 De
759 598 881 639 Spiritu
899 600 1021 632 Sancto.

190 708 197 715 .
225 682 317 721 Veni,
344 683 453 713 sancte
478 682 620 725 spiritus,

224 729 328 761 Visita
353 739 410 762 nos
437 730 580 773 caelitus,

223 775 339 809 Funde
363 777 397 809 in
421 786 480 810 nos
502 776 646 810 funditus

271 825 359 857 Tuae
382 834 486 858 rorem
512 825 658 865 pluviae,

223 873 315 917 Veni,
344 872 458 912 dulcia
486 873 633 913 dulciter,

223 921 317 961 Unge
342 930 400 953 nos
426 920 576 961 suaviter,

223 968 349 1002 Munda
372 971 504 1001 nostrae
525 968 641 1008 iugiter

272 1016 407 1048 Domum
435 1015 655 1047 conscientiae.

164 1079 171 1090 ‘
188 1100 195 1108 .
225 1074 315 1113 Veni,
343 1073 445 1105 dulcis
470 1072 617 1112 Domine,

220 1121 273 1154 Da
297 1120 362 1153 frui
390 1120 559 1154 dulcedine

226 1168 377 1202 Caritatis
402 1168 557 1210 geminae,

271 1217 333 1256 Qui
358 1225 392 1248 es
415 1217 488 1258 ipsa
513 1215 651 1255 caritas,

226 1265 317 1306 Veni,
343 1267 485 1297 nostrum
512 1262 671 1306 gaudium,

222 1312 276 1345 Da
298 1312 429 1345 maestis
454 1312 618 1351 solacium,

222 1360 274 1393 Da
301 1360 446 1401 copulam
469 1359 622 1399 cordium,

270 1409 330 1448 Qui
355 1416 388 1439 es
413 1408 503 1448 pacis
528 1407 643 1439 unitas.

187 1493 196 1501 .
221 1466 315 1507 Veni,
341 1474 430 1498 amor
454 1464 585 1509 optime,

222 1514 314 1558 Veni,
343 1514 410 1546 vita
434 1513 568 1551 animae,

220 1562 304 1596 Veni
328 1561 516 1595 suavissime

267 1612 402 1642 Amator
426 1608 605 1649 humilium,

221 1658 314 1698 Veni,
343 1657 436 1690 dator
462 1655 582 1696 veniae,

224 1706 306 1739 Veni
327 1706 361 1738 in
385 1714 443 1737 nos
468 1703 574 1743 hodie,

222 1754 315 1794 Veni,
345 1756 434 1786 sator
458 1751 592 1795 gratiae,

266 1802 356 1836 Dans
382 1802 446 1834 reis
471 1801 657 1833 remedium.

186 1887 194 1897 ,
220 1860 270 1893 De
295 1859 442 1900 supernis
465 1857 607 1890 fontibus

219 1908 316 1942 stilla
340 1906 522 1941 sitientibus

218 1958 345 1998 Aquam
369 1956 476 1989 vivam
502 1954 652 1987 cordibus

267 2004 414 2046 Singulos
439 2002 597 2044 reficiens,

216 2054 282 2087 Uni
306 2061 364 2085 nos
388 2062 452 2093 pax
476 2051 581 2091 unica,

218 2102 271 2135 Da
294 2101 407 2144 lucem,
434 2101 490 2133 lux
517 2100 644 2143 caelica,

219 2151 307 2184 Tuos
330 2148 391 2181 tibi
417 2148 543 2189 dedica,

264 2198 367 2232 Amor
391 2195 588 2230 indeficiens

184 2284 192 2292 .
218 2257 270 2290 De
291 2258 386 2297 patre
412 2257 444 2287 et
467 2253 535 2287 filio

215 2306 286 2339 Tua
311 2306 360 2337 est
383 2303 556 2346 processio,

215 2354 265 2387 Tu
290 2362 324 2386 es
348 2352 390 2386 ab
414 2351 507 2385 initio

263 2400 598 2445 Omnipotentissimus
608 2411 617 2445 3

908 680 956 713 Tu
982 682 1098 713 creasti
1122 681 1228 714 omnia

912 728 1052 770 Caelum,
1078 732 1208 763 terram,
1234 729 1335 761 maria

910 777 1180 817 Proportionalia,

956 824 1050 857 Pacis
1077 825 1168 857 dator
1193 825 1342 864 optimus.

876 907 883 913 .
909 882 960 915 Tu
984 881 1141 923 formasti,
1167 880 1314 922 Domine,

909 930 940 961 A
965 929 1076 961 mundi
1102 929 1224 968 origine

909 976 977 1008 Tuo
1004 985 1101 1015 aquas
1125 975 1265 1016 numine,

957 1023 1101 1056 Salubris
1127 1022 1306 1065 salubriter,

910 1071 1045 1104 Vatibus
1071 1071 1222 1103 veridic1s

910 1119 954 1151 Et
978 1119 1087 1160 figuris
1110 1118 1254 1159 mysticis

910 1167 960 1199 De
983 1166 1123 1200 adventu
1147 1166 1262 1198 iudicis

958 1215 1151 1247 Praecinens
1183 1213 1351 1246 veraciter.

876 1296 884 1304 .
911 1272 960 1304 Tu
988 1271 1181 1304 obumbrans
1206 1270 1323 1312 virgini

909 1318 991 1353 Unis
1015 1319 1119 1352 Deum
1142 1319 1273 1358 homini,

910 1367 956 1400 Ut
979 1367 1071 1399 unius
1095 1367 1217 1399 numini

957 1415 1061 1447 Homo
1086 1415 1129 1447 sit
1154 1415 1246 1447 homo
1271 1413 1377 1455 Deus;

910 1464 959 1496 Tu
983 1462 1138 1495 fecundas
1163 1462 1329 1506 virginem,

907 1512 1028 1544 Rerum
1052 1519 1153 1545 novas
1178 1510 1333 1550 ordinem,

906 1559 953 1592 Ut
979 1568 1039 1600 per
1063 1559 1168 1591 Deum
1191 1557 1351 1591 hominem

957 1607 1106 1640 Salvetur
1129 1606 1221 1639 homo
1247 1615 1330 1639 reus.

874 1690 881 1697 .
908 1666 958 1697 Tu
980 1673 1093 1705 praees
1116 1664 1303 1706 virginibus,

908 1713 957 1745 Tu
979 1714 1056 1746 ades
1080 1712 1284 1754 martyribuS,

907 1761 956 1793 Tu
983 1762 1040 1794 das
1067 1758 1302 1793 confessoribus

957 1809 1102 1842 Gratiam
1126 1818 1186 1848 pro
1212 1808 1326 1849 gratia,

908 1858 971 1890 Per
995 1860 1028 1890 te
1054 1857 1170 1889 candet
1196 1857 1336 1900 castitas,

906 1907 972 1939 Per
996 1909 1029 1938 te
1053 1904 1159 1939 fervet
1184 1905 1311 1948 caritas,

908 1955 972 1988 Per
995 1957 1029 1987 te
1052 1954 1139 1986 vitae
1164 1954 1317 1986 sanctitas

956 2002 1082 2045 Regnat
1105 2003 1139 2034 in
1165 2001 1311 2034 ecclesia.

875 2085 882 2093 .
903 2061 954 2093 Tu
977 2060 1141 2101 praelatos
1166 2059 1270 2102 eligis,

905 2109 955 2141 Tu
978 2108 1136 2141 subiectos
1160 2108 1294 2149 colligis,

907 2157 956 2190 Tu
982 2156 1134 2190 collectos
1162 2156 1283 2197 dirigis,

955 2205 1002 2238 Ut
1025 2206 1059 2237 in
1081 2214 1179 2238 unum
1205 2203 1368 2243 habitem-,3

908 2254 958 2286 Tu
984 2262 1018 2286 es
1043 2262 1101 2286 rex
1123 2252 1298 2291 humilium,

907 2302 957 2335 Tu
982 2302 1047 2334 dux
1071 2300 1300 2339 innocentium,

908 2350 957 2383 Tu
982 2351 1035 2383 via
1058 2349 1262 2391 simplicium,

954 2398 1007 2431 Ne
1031 2407 1051 2431 a
1074 2400 1107 2430 te
1132 2396 1325 2430 exorbitent.
