1651 2606
703 102 936 137 ,34)-

616 202 663 229 Da
683 202 778 227 mente
798 198 944 231 excedere,

656 240 701 267 Da
720 237 775 266 tibi
795 236 955 268 inhaerere,

618 277 659 304 Ac
680 278 705 303 si
725 284 772 302 me
791 273 958 310 relinquere

654 315 707 342 Vis
729 315 758 340 et
776 312 846 339 hine
865 313 955 346 abire,

616 354 703 380 Dona
723 352 766 378 sic
784 352 813 377 te
836 357 984 386 quaerere,

657 390 697 418 Ut
715 389 826 424 possim
847 388 989 415 invenire.

243 451 300 476 Str.
320 445 355 475 33
375 448 449 476 fehlt
467 449 499 475 B.
519 461 556 466 —
576 444 621 480 33,
642 445 659 473 2
674 446 742 474 1«“1(,;
763 444 886 473 multum
901 445 934 472 A.
955 459 994 464 ——
1016 440 1061 478 33,
1082 441 1100 471 3
1121 442 1242 478 puerulo
1258 440 1315 470 CG.
1337 456 1375 460 —
1394 438 1441 472 33,
1455 440 1475 469 4

168 487 302 515 Formam
322 494 426 521 gerens
441 486 474 513 A.
494 501 532 505 —
552 486 608 512 Str.
629 482 667 512 34
685 483 764 511 steht
782 483 858 510 nach
872 483 929 510 Str.
950 480 987 510 32
1003 481 1037 508 G.
1063 496 1094 501 —-
1115 480 1161 512 34,
1185 478 1199 507 1
1216 480 1292 513 Quid
1314 482 1348 507 tu
1367 480 1399 506 in
1418 479 1475 506 hoe

167 524 282 552 stabulo
310 526 347 558 (ἒς
379 524 455 557 <Quid
483 526 515 550 tu
543 522 592 549 hic
615 524 647 549 in
672 521 763 549 BGH.
789 535 829 539 —
852 519 903 554 34,
924 519 942 547 2
973 519 1123 547 Caelorum
1152 518 1217 546 GH.
1243 532 1281 537 —-
1306 515 1357 551 34,
1378 515 1396 545 3
1420 518 1475 544 vili

167 563 283 598 tugurio
310 562 344 589 G.
372 575 394 576 j
432 559 482 594 34,
502 559 522 587 4
548 559 625 592 Quid
650 562 683 586 tu
710 558 805 593 CGH3
832 560 890 587 Gur
913 559 982 586 Iesu
1009 559 1088 585 iac-es
1113 559 1156 584 ita
1183 557 1215 584 B.
1254 556 1339 585 Naeh
1358 556 1416 583 Str.
1439 553 1476 583 34

168 600 281 628 sehiebt.
300 599 330 627 H
350 599 412 626 ein:

619 635 643 663 O
663 636 768 663 decore
787 635 917 670 parvule,

657 674 726 701 Flos
746 674 869 701 nimium
890 674 1025 705 formose,

618 711 761 739 Amabilis
782 712 903 747 puerule

655 750 795 785 Figuram
815 756 918 784 gerens
940 756 1034 776 rosae.

242 805 287 841 35,
305 806 319 834 1
340 807 518 842 pulminaria
530 807 569 835 H.
589 821 629 826 —-
648 804 692 839 36,
711 804 725 833 1
739 807 804 834 Tua
824 806 956 834 membra
967 805 1083 833 BCGH.
1105 820 1142 824 —
1164 802 1210 838 37,
1226 802 1244 832 3
1257 805 1300 833 Te.
1321 805 1480 832 humiliant

168 847 200 874 G.
221 861 234 865 —
252 860 260 864 -
279 843 331 879 38,
354 843 372 872 2
391 846 469 873 Dum
488 845 615 881 quiescis
636 845 670 873 G.
691 859 727 863 —
747 842 792 877 38,
814 841 831 871 3
854 845 911 878 Qui
931 845 963 871 in
982 845 1078 880 patris
1097 843 1216 871 dextera
1236 843 1275 877 B;
1301 844 1338 871 1n
1356 846 1480 879 paterna

166 885 286 912 dextera
305 884 343 911 H.
363 897 400 902 —
421 881 466 917 38,
487 883 504 911 3
519 891 561 918 sq.
582 883 678 910 fehlen
695 882 727 910 G.
749 897 785 901 —
806 880 852 916 39,
869 881 883 909 1
900 882 958 909 Pro
979 882 1080 917 pluma
1098 881 1198 909 fehlen
1212 880 1246 908 G.
1268 895 1304 901 —-
1324 879 1370 916 39,
1386 879 1403 909 3
1418 890 1475 915 sq.:

166 921 243 949 Illud
264 929 417 957 praesepe,
446 921 523 958 quod
547 923 578 948 in
608 930 640 949 se
659 921 771 948 serebat
789 920 948 948 Dominum
970 920 1128 948 universae
1150 922 1245 946 terrae
1264 928 1388 956 puerum
1408 919 1479 947 deli-

169 962 247 987 eiose
267 960 412 987 universis
433 960 583 987 hominum
603 967 674 993 prae
692 959 763 985 filiis
784 960 957 993 speciosum,
982 958 1087 985 restire
1107 961 1161 985 ete.
1184 957 1217 985 G.
1237 971 1275 976 —
1296 956 1345 992 41,
1367 956 1382 985 1
1403 958 1478 985 rosis

167 997 241 1025 fehlt
260 997 294 1025 G.
320 1012 359 1015 —
385 996 437 1031 41,
457 996 478 1025 4
496 997 531 1024 In
552 1005 622 1025 auro
644 996 758 1025 BCGH.
782 1011 816 1015 —
839 996 896 1024 Str.
916 994 955 1024 42
973 995 1047 1023 fehlt
1067 996 1100 1024 G.
1122 1011 1159 1015 —-
1179 993 1232 1028 42,
1254 994 1269 1022 1
1292 996 1377 1030 Quod
1396 997 1428 1023 in
1448 1004 1480 1023 se

169 1035 327 1063 Dominum
347 1035 392 1068 H,
414 1035 498 1069 Quod
519 1036 550 1062 in
571 1043 602 1062 se
621 1037 718 1071 ipsum
732 1035 770 1068 Β,
793 1034 878 1067 Quod
896 1036 929 1062 in
949 1043 981 1062 se
1000 1035 1064 1069 ipso
1081 1033 1111 1061 O.
1132 1050 1170 1053 —
1190 1031 1236 1067 42,
1252 1031 1270 1059 2
1284 1034 1376 1061 Affert
1389 1034 1428 1061 Η.
1441 1050 1479 1053 -

170 1071 216 1105 43,
238 1071 256 1100 2
275 1074 398 1100 attraxit
415 1075 457 1109 A‚·
478 1073 597 1100 induxit
613 1074 652 1100 Η.
674 1087 711 1091 -
730 1070 775 1107 44,
801 1070 821 1099 4
838 1073 980 1100 instruxit
998 1071 1037 1098 H.
1057 1087 1096 1091 —
1115 1070 1161 1104 44,
1183 1069 1198 1098 1
1220 1071 1256 1098 In
1275 1072 1382 1100 lectum
1403 1072 1482 1099 hunc

169 1114 228 1138 tam
248 1111 317 1143 BI-I;
337 1110 372 1137 In
385 1110 449 1138 loeo
470 1112 528 1138 isto
549 1118 652 1146 aspero
667 1111 701 1138 G.
721 1125 760 1129 —
780 1108 826 1142 44,
848 1107 866 1137 3
885 1111 955 1137 Tibi
975 1110 1074 1146 plures
1094 1111 1126 1137 in
1147 1111 1184 1141 Βς
1206 1109 1248 1136 Et
1267 1110 1367 1146 plures
1387 1111 1420 1137 in
1440 1110 1479 1145 Ο,

167 1148 208 1176 Et.
236 1148 379 1184 plurimos
399 1150 431 1176 iu
449 1149 493 1182 H;
523 1149 580 1182 Qui
600 1150 656 1176 tibi
675 1148 859 1182 postmodum
883 1148 999 1175 labores
1021 1147 1054 1175 G.
1074 1163 1113 1167 —
1131 1147 1184 1181 44,
1204 1145 1225 1175 4
1246 1147 1394 1176 Plurimos
1414 1156 1479 1184 pro-

170 1187 284 1214 curavit
304 1186 337 1214 G.
357 1200 394 1205 —
416 1185 462 1220 45,
484 1184 501 1214 3
522 1195 564 1222 sq.
585 1186 683 1214 fehlen
704 1186 738 1214 G.
758 1201 798 1205 —
814 1184 861 1220 46,
885 1185 899 1213 1
923 1185 1012 1213 Solve
1031 1188 1114 1214 tuum
1135 1186 1169 1214 G.
1193 1200 1231 1205 —
1253 1184 1300 1220 46,
1322 1184 1340 1213 2
1363 1186 1387 1213 O
1408 1186 1482 1213 fehlt.

171 1224 204 1253 G.
224 1239 263 1243 -—
281 1222 328 1258 46,
346 1222 366 1251 4
383 1224 494 1252 Lilium
515 1226 545 1251 et
563 1233 631 1252 rosa
650 1224 690 1259 A,
711 1224 757 1251 Tu
776 1224 874 1251 lilium
898 1232 962 1251 eum
983 1231 1052 1251 rosa
1069 1224 1104 1251 Β.
1124 1238 1162 1243 —
1183 1223 1267 1252 Nach
1285 1223 1333 1258 46,
1348 1222 1370 1251 4
1388 1224 1439 1252 hat
1456 1224 1482 1252 G

170 1262 260 1289 noch:
281 1262 314 1288 In
335 1262 390 1294 his,
412 1270 487 1299 quae
508 1270 572 1298 ago,
595 1271 654 1290 non
674 1265 704 1289 te
723 1262 850 1297 impedio
871 1271 925 1290 nee
945 1270 1010 1289 sum
1031 1262 1087 1289 tibi
1107 1262 1215 1289 taedio.
1231 1276 1266 1279 —
1280 1261 1326 1296 47,
1344 1260 1359 1289 1
1380 1265 1482 1290 tenera

170 1302 266 1327 costas
286 1300 435 1328 infantiles
456 1300 490 1328 G.
511 1315 547 1318 —
567 1299 614 1335 47,
635 1299 654 1328 2
673 1303 819 1333 pertracta
832 1301 871 1336 Β,
892 1301 937 1328 Tu
959 1302 1042 1327 easta
1062 1303 1155 1328 mater
1175 1302 1271 1327 tracta
1284 1301 1318 1329 G.
1339 1316 1377 1320 --
1397 1299 1443 1334 47,
1462 1299 1481 1328 4

171 1338 257 1364 Hunc
276 1337 349 1365 fehlt
362 1337 395 1365 G.
417 1353 452 1357 —
473 1336 519 1372 48,
535 1336 552 1365 3
565 1338 661 1366 Mater
682 1340 744 1366 tota
763 1337 920 1373 deifieaB3
941 1337 985 1365 Et
1002 1341 1096 1366 mater
1117 1341 1150 1366 tu
1171 1337 1275 1366 deifica
1288 1339 1325 1374 Ο,
1348 1339 1371 1367 Ο
1387 1341 1480 1366 mater

166 1377 250 1410 virgo
278 1375 389 1402 caelica
413 1377 478 1404 GH.
506 1392 542 1396 —
569 1373 621 1409 48,
642 1376 663 1404 4
687 1376 770 1403 Caeli
795 1384 884 1411 pasce
910 1376 943 1403 A.
969 1390 1007 1394 —
1031 1375 1085 1411 49,
1107 1375 1125 1403 2
1145 1377 1239 1404 Pasce
1263 1378 1349 1412 virgo
1379 1379 1481 1404 natum

169 1414 231 1440 ΒΙ-Ι.
259 1428 296 1432 —
322 1411 374 1446 49,
395 1412 415 1441 4
434 1414 470 1441 In
496 1414 570 1441 fehlt
589 1415 622 1441 A.
716 1413 762 1447 50,
783 1411 801 1440 2
820 1413 981 1442 Parvulum
1003 1415 1201 1451 amplexatum
1222 1414 1255 1442 G.
1278 1430 1318 1434 —-
1338 1413 1383 1448 50,
1404 1413 1422 1443 3
1441 1415 1483 1442 Et

168 1451 275 1478 osculis=
297 1451 361 1484 BG3
383 1453 465 1479 socia
483 1452 521 1479 H.
543 1466 579 1469 —
599 1453 682 1481 Naeh
703 1450 748 1485 50,
769 1450 789 1479 4
807 1452 871 1488 ffigt
892 1453 913 1479 13
933 1451 1009 1480 noc-,h
1028 1453 1091 1481 bei:

620 1499 662 1526 Et.
679 1500 772 1527 labris
792 1501 881 1535 tange
900 1500 984 1527 labia

656 1537 701 1564 Ad
719 1546 751 1565 os
772 1536 946 1565 deificatum.

247 1590 293 1624 51,
315 1590 329 1618 1
353 1592 446 1625 Quam
466 1593 560 1621 dulcis
580 1594 759 1622 mellificatio
780 1594 819 1621 H.
840 1611 877 1614 —
896 1593 941 1629 51,
963 1593 981 1621 2
1000 1595 1045 1622 Ad
1067 1604 1099 1623 os
1120 1596 1238 1631 parvuli
1259 1595 1368 1624 Christi
1390 1597 1424 1624 G.
1445 1611 1483 1615 -

171 1628 216 1662 51,
238 1627 255 1657 3
275 1630 364 1657 labiis
386 1631 420 1659 G.
441 1646 476 1649 —
498 1630 543 1665 51,
557 1630 634 1660 4Tu
657 1633 739 1667 virgo
762 1632 826 1659 sola
838 1633 872 1660 B.
887 1647 926 1651 —-
939 1633 997 1661 Str.
1018 1632 1055 1660 51
1076 1634 1137 1661 und
1157 1632 1194 1662 52
1213 1635 1384 1671 umgestellt
1396 1635 1430 1663 G.
1447 1650 1482 1654 —

171 1668 227 1695 Str.
255 1665 291 1694 53
319 1667 348 1694 ff.
374 1668 471 1696 fehlen
492 1669 525 1697 G.
551 1684 587 1688 —-
614 1668 666 1704 52,
689 1669 703 1697 1
730 1671 865 1698 miranda
885 1671 920 1698 A.
945 1685 982 1689 —
1008 1668 1059 1704 52,
1081 1670 1099 1698 2
1118 1674 1221 1700 iuncta
1238 1672 1274 1700 A.
1293 1688 1333 1691 —
1353 1671 1399 1708 53,
1420 1671 1438 1699 2
1458 1672 1482 1700 Ο

171 1705 264 1732 dulcis
284 1705 347 1733 BH.
374 1721 411 1726 -—
436 1705 487 1739 53,
508 1705 526 1734 3
546 1705 586 1734 Et
608 1709 694 1736 nobis,
722 1709 769 1735 fae
787 1709 851 1737 RH.
877 1725 913 1729 —
939 1706 991 1742 53,
1011 1708 1031 1736 4
1057 1712 1198 1746 peperisti
1219 1710 1257 1746 Ο,
1285 1713 1378 1746 Quem
1399 1713 1483 1747 virgo

169 1744 296 1779 genuisti
316 1744 350 1770 B.
371 1757 408 1762 -—
428 1743 474 1778 55,
495 1743 513 1771 3
533 1745 574 1772 Et
593 1748 675 1773 tuum
695 1748 775 1782 pium
796 1746 888 1774 filium
910 1747 947 1774 H.

249 1791 350 1819 Oratio
377 1790 482 1819 devota
508 1792 545 1818 ad
564 1792 724 1820 Dominum
742 1794 840 1821 Iesum
865 1795 919 1822 sub
949 1795 1042 1822 forma
1063 1796 1180 1831 pueruli
1200 1798 1232 1823 in
1250 1799 1355 1825 matris
1372 1798 1483 1833 gremio

173 1828 328 1856 sedentem.
352 1829 392 1863 Λ;
414 1829 544 1865 Explicit
565 1832 658 1858 oratio
679 1831 822 1858 melliflua
841 1832 875 1859 de
895 1833 1023 1860 infantia
1041 1835 1209 1861 salvatoris.
1223 1835 1263 1870 133
1285 1835 1484 1871 soliloquium

172 1868 251 1894 beati
271 1867 433 1894 Bernhardi
464 1867 500 1894 ad
526 1876 647 1902 puerum
673 1869 780 1896 Iesum.
806 1869 845 1905 (ἶ,
874 1870 976 1898 Oratio
1002 1872 1083 1899 beati
1106 1873 1272 1901 Bernhardi
1298 1874 1336 1903 ad
1362 1882 1485 1910 puerum

170 1905 269 1932 Iesum
288 1906 320 1932 in
339 1907 448 1941 gremio
470 1906 571 1932 matris
591 1906 774 1934 residentem.
794 1907 834 1935 H.

642 2055 690 2085 24.
721 2055 765 2086 De
785 2056 909 2088 Nomine
930 2056 1011 2087 Iesu.

186 2145 216 2178 1.
245 2144 349 2183 Salve,
375 2152 490 2175 nomen
515 2143 695 2185 salvatoris,
871 2149 904 2179 2.
929 2147 1002 2178 Iesu
1026 2152 1170 2180 sanctum
1195 2158 1311 2183 nomeu
1336 2161 1463 2194 novum,

247 2191 351 2234 Salve,
379 2200 501 2231 gemma
524 2190 736 2231 redemptoris
930 2194 1053 2227 Nomen
1076 2196 1139 2228 Dei
1163 2198 1350 2239 virtuosum,

297 2239 418 2278 illapsa
446 2237 537 2270 nobis
564 2239 705 2276 caelitus,
976 2242 1056 2275 Esto
1082 2247 1227 2276 nostrum
1252 2246 1421 2287 refugium,

251 2286 356 2326 Salve,
381 2294 495 2318 nomen
520 2289 663 2317 sanctum
688 2286 760 2327 Dei,
930 2291 1019 2324 Iesus
1044 2292 1158 2332 salvat,
1186 2293 1331 2326 Christus
1357 2296 1458 2335 ungit,

249 2334 354 2374 Salve,
379 2334 477 2366 robur
501 2337 629 2366 nostrae
653 2335 732 2375 spei,
932 2337 1055 2372 Cristus
1079 2339 1171 2371 nobis
1197 2349 1232 2371 se
1257 2342 1430 2383 coniungit,

292 2380 427 2422 Largire
453 2381 535 2414 dona
559 2381 701 2421 spiritus.
977 2385 1096 2419 Plenus
1121 2390 1303 2420 sanctorum
1328 2391 1465 2431 gaud-iis.
