1651 2606
740 95 785 102 -
837 76 904 112 173
954 97 997 103 —

614 172 672 204 167.
704 171 748 203 De
767 171 824 204 VII
844 171 1008 204 holeribus
1027 171 1115 203 miv.

228 242 260 274 1.
287 242 366 286 Ave,
394 242 494 283 virgo,
522 243 680 283 gemuisti,
912 244 944 277 4.
971 244 1050 282 Ave,
1076 243 1179 284 virgo,
1204 251 1286 282 quae
1309 243 1473 275 maerebas

285 290 316 323 A
342 289 489 322 Simeone
517 290 591 323 dum
616 290 745 331 audisti,
970 292 1008 324 In
1033 290 1158 331 spiritu,
1187 291 1259 323 dum
1288 291 1499 331 cognoscebas

289 337 384 370 Cuius
412 338 532 370 doloris
557 338 664 379 gladio
970 341 1001 371 A
1024 339 1152 371 Iudaeis
1177 339 1370 378 captivatum

289 385 547 427 Transgladieris
572 386 695 428 anim03
971 386 1107 419 Dulcem
1131 386 1246 427 Iesum,
1271 390 1358 418 tuum
1382 388 1511 427 natum3

333 434 402 466 Fac
425 442 483 466 nos
506 443 566 474 pro
582 435 692 465 nostro
710 433 841 472 scelere,
1020 434 1137 467 Sancta
1161 436 1275 473 mater,
1302 434 1387 466 istud
1412 443 1480 476 age,

288 481 313 515 Ο
338 482 393 522 pia
418 484 531 522 mater,
556 489 690 524 gemere,
975 481 1107 522 Captum
1129 483 1162 513 in
1188 482 1327 523 peccatis
1352 482 1444 514 trahe

287 529 339 562 Ne
362 529 397 561 in
420 529 546 570 peccati
569 529 705 569 pulvere
974 531 1004 561 A
1028 533 1233 569 peccatorum
1257 530 1385 562 sarcina

287 577 530 611 obdormiamus
556 580 685 610 temere.
972 577 1026 608 Ad
1050 586 1188 617 superna
1212 577 1337 617 gaudia.

229 636 260 668 2.
288 636 368 674 Ave,
394 635 495 675 virge,
522 642 603 673 quae
626 634 766 675 dolebas,
915 635 946 667 5.
972 635 1052 674 Ave,
1080 635 1178 676 virgo,
1206 643 1285 675 quae
1313 633 1439 678 flevisti,

284 684 323 715 In
347 683 530 723 Aegyptum
557 682 632 714 dum
657 679 790 722 sugebas
972 682 1056 713 Dum
1082 685 1191 714 secuta
1214 684 1249 713 tu
1274 681 1363 714 fuisti

286 730 336 763 Ab
363 729 503 762 Herodis
528 730 663 770 imperio
975 728 1230 770 Crucifigendum
1255 729 1356 762 filium

289 778 366 813 Cum
390 777 508 818 Ioseph
533 780 629 818 atque
652 775 738 817 filio;
972 777 1109 809 Euntem
1135 777 1175 810 ad
1193 778 1401 819 supplicium3

334 826 388 858 Sic
411 835 431 858 a
454 825 596 864 peccatis
620 825 765 857 omnibus
1019 825 1088 857 Fac
1104 833 1172 866 nos,
1190 828 1302 866 mater,
1319 829 1424 858 ‘cecum
1437 824 1524 869 flere,

285 874 330 907 Et,
354 884 374 906 a
396 873 558 906 daemonis
583 872 717 905 nexibus
973 871 1130 905 Crucifixo
1157 873 1337 914 condolere,

285 923 353 956 Fac
377 931 435 953 nos
461 922 580 953 solutos
606 921 707 952 libere
972 921 1019 954 Ut
1046 920 1230 952 crucifixum
1255 920 1355 953 filium

282 970 335 1002 Ad
361 972 450 1001 tunm
475 970 584 1000 natum
609 967 729 1008 fugere.
973 967 1149 1006 sequamur
1172 968 1206 999 in
1229 972 1428 1007 perpetuum.

224 1029 255 1061 3.
282 1028 364 1067 Ave,
390 1028 503 1068 mater,
529 1034 589 1064 per
613 1024 755 1056 triduum
913 1026 946 1057 6.
971 1025 1052 1066 Ave,
1080 1033 1161 1064 quae
1183 1025 1339 1065 planxisti
1363 1029 1482 1069 natum,

282 1074 430 1107 Dolendo
455 1076 544 1104 tuum
569 1072 668 1104 filium
970 1072 1054 1104 Dum
1077 1072 1187 1104 vidisti
1212 1072 1388 1105 desolatum

282 1124 372 1155 Inter
395 1124 544 1162 cognatos
571 1120 756 1162 quaerebas,
971 1120 1087 1153 Poenis
1112 1124 1149 1152 ut
1172 1120 1255 1152 latro
1280 1122 1473 1161 pendentem

280 1170 379 1203 Hunc
401 1170 434 1201 in
456 1168 576 1207 ‘templo
593 1168 651 1200 sed
670 1168 841 1209 cernebas3
969 1168 1015 1200 Et
1037 1168 1072 1200 in
1098 1176 1191 1200 cruce
1213 1170 1417 1210 morientem3

329 1217 397 1249 Fac
420 1225 478 1249 nos
504 1218 609 1250 Iesum
634 1225 787 1256 quaerere
1019 1216 1087 1248 Tuo
1111 1217 1242 1256 planctu
1267 1217 1470 1255 contristatos

285 1267 324 1299 In
348 1265 513 1306 praesenti
538 1263 626 1296 curia
971 1264 1039 1296 Fac
1059 1272 1117 1296 nos
1143 1267 1247 1295 tecum
1270 1264 1433 1305 plangere,

283 1314 328 1346 Et
352 1314 427 1353 post
449 1314 584 1344 mortem
611 1320 741 1344 cernere
970 1312 1050 1344 Eius
1077 1320 1170 1344 cruce
1195 1313 1395 1352 consignatos

284 1362 321 1394 In
348 1359 491 1401 paradisi
516 1359 626 1401 gloria.
972 1359 1157 1399 Poenaeque
1187 1360 1339 1392 recolere.

570 1419 600 1450 7,
626 1417 706 1461 Ave,
734 1420 857 1457 martyr
881 1419 1067 1456 martyrum,

627 1465 876 1506 Transgladiata
901 1465 1041 1504 nimium,

624 1512 710 1545 Dum
733 1513 845 1545 vidisti
868 1511 969 1546 filium

623 1561 778 1593 Emisisse
802 1561 968 1602 spiritum3

673 1608 740 1641 Fac
764 1617 832 1650 noe,
857 1609 922 1651 pia,
950 1608 1111 1641 vulnerari

624 1657 751 1689 Amoris
776 1656 823 1689 tui
847 1657 955 1698 gladio

625 1705 670 1737 Et
693 1707 767 1744 post
791 1708 925 1737 mortem
950 1704 1101 1737 collocari

623 1754 661 1785 In
688 1753 817 1785 caelesti
843 1754 957 1787 stadio,

292 1810 362 1838 God.
378 1809 586 1838 Carolsruhan.
600 1810 725 1847 Augien.
747 1807 793 1837 36.
808 1818 883 1838 saec.
899 1808 972 1839 1⁴5715.
995 1824 1031 1829 —-
1053 1808 1077 1843 1,
1093 1807 1109 1838 1
1123 1819 1216 1846 V1rgo,
1238 1818 1314 1845 quae
1326 1812 1474 1846 gemuisti.
1489 1825 1527 1830 —

212 1846 238 1882 3,
261 1846 275 1876 1
297 1850 407 1882 mater,
429 1856 504 1885 quae
525 1857 585 1886 per.
612 1863 643 1867 -
665 1845 691 1882 6,
711 1847 730 1876 4
750 1848 791 1876 Et
809 1849 888 1877 fehlt,
910 1865 948 1869 —
967 1849 1029 1877 Das
1049 1848 1124 1877 Lied
1144 1849 1217 1876 wird
1238 1849 1416 1877 interessant
1435 1848 1525 1877 durch

211 1888 260 1916 die
279 1886 466 1916 mehrfachen
485 1887 716 1924 Entlehnungen
737 1895 790 1915 aus
811 1887 875 1916 dem
896 1886 1001 1915 Stabat
1020 1890 1121 1916 mater.

611 1979 672 2012 168.
704 1980 747 2012 De
767 1979 822 2012 VII
842 1979 1007 2013 Doloribus
1028 1979 1116 2012 BMV.

223 2045 254 2077 1.
281 2043 437 2076 Simeonis
461 2042 617 2084 nuntium,
913 2044 944 2075 2.
971 2043 1079 2075 Mater
1103 2043 1322 2083 pudicissima⁷

328 2092 424 2124 matri
454 2093 538 2132 quod
562 2090 735 2135 praedixit,
1019 2101 1089 2123 cum
1112 2091 1178 2124 iam
1202 2092 1375 2133 perdidisti

282 2140 346 2173 Cor
371 2139 500 2180 reginae
525 2139 683 2180 virginum
968 2138 1088 2171 Filium
1114 2140 1329 2172 dulcissimum

328 2187 470 2229 graviter
491 2185 618 2227 afflixit,
1017 2190 1049 2220 et
1077 2187 1152 2220 hinc
1177 2187 1304 2220 doluisti

282 2236 403 2270 Vulnus
428 2235 619 2269 incredibile
965 2236 1139 2278 Ipsumque
1163 2238 1237 2277 post
1261 2235 1400 2268 triduum

327 2284 419 2318 cordi
444 2285 520 2317 dum
543 2282 673 2325 inflixit,
1015 2286 1049 2317 in
1072 2285 1193 2325 templo
1216 2283 1335 2326 vidisti,

276 2334 388 2367 Donec
413 2333 480 2369 eius
506 2332 616 2365 unicus
967 2332 1124 2366 Dolorose
1149 2331 1309 2373 quereris:

327 2384 469 2417 mortuus
495 2381 622 2414 revixit.
1017 2389 1117 2422 quare
1141 2381 1188 2412 sic
1213 2378 1343 2412 fecisti?
