1651 2606
731 98 963 133 ...66—

198 200 298 238 sputis
324 201 359 229 A.
382 215 419 220 -
446 198 492 234 34,
519 198 537 227 2
563 198 604 226 Et
630 197 713 225 dolor
733 195 774 228 A,
796 193 818 221 C
843 209 881 212 —
906 189 951 224 34,
972 188 990 218 3
1010 189 1087 217 Mihi
1108 188 1203 216 eoi-dis
1225 184 1263 222 G;
1291 184 1414 228 satietas
1433 180 1509 226 fehlt.

196 242 231 269 A.
256 254 293 258 —
320 237 367 274 35,
387 237 404 267 3
424 240 467 268 Ut
485 240 553 275 post
570 237 658 263 huius
681 235 758 261 ritae
778 233 885 260 exitum
913 229 946 256 A.
973 242 1011 247 —
1030 225 1076 260 35,
1096 224 1116 254 4
1134 227 1234 253 Meum
1256 222 1402 257 suscipiat
1421 228 1508 255 spu-1-

197 281 258 306 tum
273 278 351 343 fssoth
377 315 430 343 hat
455 314 512 342 den
530 314 605 340 Text
629 311 722 338 dieses
736 306 938 343 Reimgebetes
967 312 1020 331 aus
1047 304 1128 330 einer
1140 299 1347 329 Darmstfidter
1373 296 1430 324 Hs.
1458 295 1509 323 des

200 353 242 382 15.
264 353 365 381 Jaln-h.
386 352 544 389 mitgeteilt
561 350 636 384 (Lat.
656 348 793 383 Hymnen
813 345 863 372 des
881 343 921 371 M.
942 343 976 369 A.
998 340 1080 370 Seite
1100 337 1154 373 21).

632 437 678 469 56.
707 437 751 467 De
771 434 919 467 Passione
938 431 1073 465 Domini.

895 506 926 539 5.
952 503 1093 536 Verbum
1120 510 1216 534 carne
1241 498 1422 537 contexisti,

214 516 245 549 1.
272 514 343 546 Iesu
370 512 481 551 dulcis,
508 516 621 549 magne
645 507 742 546 Deus,

954 551 1053 583 Sacco
1079 550 1178 582 solem
1203 546 1380 584 involvisti,

271 561 365 593 Risus
393 559 506 596 cordis,
535 564 622 588 amor
647 563 744 593 meus,

272 606 456 639 Inexhausti
481 604 552 636 fons
578 602 729 642 dulcoris,

270 654 406 685 Verbum
425 661 548 694 sonans,
570 649 625 681 sed
643 658 706 680 non
724 647 812 690 foris,

319 700 383 739 Quo
409 699 556 731 subsistit
579 696 750 730 saeculum,

272 748 320 780 Tu
345 747 478 787 abyssus
503 744 659 784 veritatis,

272 795 372 826 Vivae
394 792 521 825 flamma
547 790 700 828 caritatis,

271 842 359 874 Idem
385 841 471 881 patri
494 841 527 872 in
553 842 678 877 natura,

271 889 431 929 Splendor
456 888 522 920 eius
548 889 581 919 et
603 885 714 926 figura,

318 936 456 968 Deitatis
482 935 655 976 specuium.

242 1020 249 1028 ‚
274 993 384 1024 Virtus
411 995 443 1023 et
466 992 569 1031 imago
593 990 665 1030 Dei,

274 1040 342 1078 Qua
368 1039 506 1078 caligant
531 1046 641 1070 sensus
666 1037 738 1079 mei,

276 1087 349 1119 Sole
372 1087 484 1126 maior,
509 1086 566 1117 lux
591 1085 755 1125 immensa,

273 1134 403 1167 Umbris
428 1134 483 1165 lux
504 1132 778 1173 incomprehensa,

317 1182 388 1213 Lux
412 1179 651 1212 inaccessibilis.

277 1229 384 1261 Virtus
410 1228 449 1260 ab
474 1235 603 1260 aeterno
629 1227 712 1267 viva,

273 1276 392 1319 Fortis,
416 1284 557 1319 movens,
582 1274 714 1318 unitiva,

277 1324 398 1356 Cuncta
413 1332 552 1363 movens,
576 1322 633 1354 sed
649 1331 714 1353 non
727 1324 824 1362 mota,

276 1371 387 1414 Extra,
413 1370 508 1412 intus,
537 1377 688 1409 praesens
713 1372 791 1409 tota,

323 1417 378 1448 Vis
403 1416 679 1456 impermutabilis.

280 1474 328 1505 Tu
354 1474 408 1505 lux
433 1474 529 1513 plena
553 1473 687 1513 ratione,

278 1521 373 1554 Cuius
400 1520 636 1560 comparatione

276 1568 397 1599 Lumen
422 1577 514 1599 omne
539 1567 739 1610 tenebrescit,

278 1615 348 1646 Tua
370 1615 426 1646 lux
453 1623 598 1647 occasum
621 1615 735 1654 nescit,

327 1662 376 1693 Tu
400 1663 472 1702 iuge
497 1661 678 1694 solstitium.

280 1709 328 1740 Tu
352 1709 515 1741 mirandus
541 1708 646 1748 fulgor
669 1709 773 1752 nimis,

284 1756 414 1788 Sursum
442 1757 539 1788 corda
562 1756 613 1788 his
638 1756 677 1788 ab
701 1757 774 1788 imis

281 1803 333 1835 Ad
359 1807 523 1835 aeternum
546 1804 652 1835 lumen
679 1804 805 1846 ducens,

277 1851 437 1882 Matutina
461 1851 565 1891 stella,
590 1851 699 1882 lucens

327 1898 364 1930 In
390 1898 524 1929 salutem
549 1898 699 1938 gentium.

278 1955 341 1987 Dei
364 1955 467 1995 patris
490 1963 585 1986 verus
607 1954 712 1994 heres,

281 2002 347 2034 Nos
374 2002 516 2041 captivos
543 2011 611 2033 cum
637 2002 772 2046 videres,

280 2050 330 2082 De
355 2049 460 2082 exelso
488 2050 568 2081 caeli
591 2049 705 2081 throno

280 2097 451 2129 Miseratus
476 2100 529 2128 tuo
558 2097 638 2129 dono

327 2144 476 2177 Nostram
505 2141 566 2188 [es]
592 2144 769 2185 miseriam;

279 2192 484 2225 Descendisti
511 2192 704 2231 miserando,

277 2240 397 2272 Locum
422 2243 527 2272 tamen
553 2236 644 2283 [11011]
667 2241 829 2285 mutando,

280 2287 365 2321 Loco
391 2288 478 2320 nullo
504 2287 770 2328 circumscriptus,

286 2335 339 2368 Sic
363 2339 396 2368 te
419 2336 503 2368 ludit
527 2336 579 2367 hic
601 2335 768 2376 Aegyptus

329 2385 392 2417 Per
417 2385 520 2416 carnis
545 2382 764 2417 substantiam.

952 599 1039 631 Deus
1067 606 1159 629 verus
1185 596 1289 628 factus
1314 594 1420 634 1101110,

954 647 1038 686 Quos
1066 645 1230 677 damnavit
1254 643 1359 676 Adam
1385 650 1489 681 pomo,

1002 693 1080 725 Cum
1107 693 1246 724 deiectos
1276 698 1434 731 cerneres,

950 741 1029 773 Mox
1053 745 1088 773 ut
1113 740 1202 781 gigas
1226 738 1312 771 bello
1338 736 1432 769 fortis

950 789 1004 821 Ad
1031 788 1222 820 currendam
1247 786 1331 818 viam
1356 784 1481 824 mortis,

952 837 1026 868 Iesu
1052 835 1165 876 dulcis,
1194 833 1373 873 exsultasti,

952 884 1156 915 Maiestatem
1181 881 1357 920 inclinasti,

1000 932 1047 965 Ut
1073 931 1239 962 damnatos
1264 929 1418 961 solveres.

921 1015 927 1021 .
953 987 1145 1028 Effecturus,
1171 987 1259 1019 Deus
1285 982 1416 1029 dive[s],

953 1036 1148 1076 Angelorum
1174 1044 1232 1067 nos
1259 1033 1405 1065 concives

953 1083 1078 1115 Sortem
1103 1086 1190 1114 tuam
1211 1082 1245 1113 in
1270 1080 1462 1121 praeclaris,

954 1131 1032 1164 Cum
1058 1139 1121 1162 non
1148 1132 1256 1162 essent
1280 1129 1377 1161 sortis
1402 1128 1504 1167 paris,

1000 1178 1128 1210 Dedisti
1153 1176 1345 1209 hominibus.

954 1225 1143 1259 Versabaris
1166 1225 1200 1256 in
1225 1225 1287 1256 hoc
1311 1223 1431 1255 mundo

956 1273 1064 1305 Corde
1089 1273 1233 1313 gaudens
1255 1271 1463 1313 laetabundo,

954 1321 1045 1360 Quod
1070 1321 1135 1352 iam
1164 1321 1232 1352 dies
1257 1319 1501 1359 propinquaret,

954 1368 1013 1408 Qui
1037 1371 1070 1399 te
1092 1370 1195 1400 morte
1218 1367 1446 1399 condemnaret

1001 1416 1062 1447 Pro
1091 1415 1255 1447 salvandis
1280 1413 1446 1447 fratribus

926 1498 932 1505 .
958 1473 1033 1505 Iesu
1057 1473 1143 1512 talis,
1171 1474 1245 1505 Iesu
1269 1474 1368 1512 tante,

955 1520 1095 1552 Mortem
1122 1520 1225 1551 crucis
1250 1522 1325 1559 post
1350 1522 1383 1550 et
1407 1522 1482 1551 ante

957 1568 1046 1600 Talis
1071 1568 1199 1607 quidem
1226 1567 1381 1609 adamari,

958 1615 1082 1647 Tantus
1105 1624 1184 1647 vero
1209 1613 1380 1647 formidari

1005 1663 1125 1694 Merito
1157 1663 1322 1695 debueras.

962 1710 1027 1742 Sed
1051 1710 1202 1742 nimirum
1228 1711 1293 1741 ista
1316 1712 1404 1741 sorte

960 1758 1025 1790 Pro
1049 1758 1193 1790 tollenda
1217 1757 1327 1789 muudi
1354 1761 1468 1796 morte,

962 1805 1012 1837 Ne
1036 1805 1159 1844 periret
1183 1806 1277 1837 homo
1304 1814 1387 1846 reus,

960 1852 1012 1884 Ab
1038 1855 1179 1894 aeterno,
1204 1853 1287 1884 bone
1311 1852 1411 1894 Deus,

1006 1900 1093 1932 Mori
1120 1900 1334 1939 disposueras.

926 1981 934 1988 .
958 1956 1032 1988 Nox
1057 1955 1176 1988 festina
1202 1965 1273 1988 cum
1296 1956 1445 1998 instaret,

959 2004 1083 2036 Pascha
1108 2004 1187 2045 legis
1211 2012 1292 2045 quae
1317 2005 1501 2048 mandaret,

958 2051 1038 2092 LeX,
1065 2060 1146 2091 quae
1169 2052 1253 2084 iram
1278 2056 1442 2092 operatur,

958 2098 1026 2130 Esu
1052 2099 1126 2139 agni
1151 2104 1388 2135 consummatur

1007 2146 1215 2179 Subintrante
1239 2148 1353 2189 gratia.

958 2194 1196 2227 Testamentum
1224 2196 1311 2228 cedit
1336 2199 1438 2235 vetus,

959 2241 1037 2274 Cum
1061 2243 1188 2282 piorum
1213 2244 1270 2275 ille
1296 2247 1404 2275 coetus

958 2289 1132 2322 Liberatur
1157 2291 1243 2331 regis
1268 2299 1356 2334 cura,

959 2337 1054 2370 Nova
1078 2337 1182 2370 factus
1209 2341 1357 2370 creatura

1007 2385 1071 2418 Per
1097 2385 1218 2420 Christi
1242 2386 1406 2427 mysteria.
