1651 2606
201 220 255 252 35.

204 427 258 459 36.

210 632 259 666 D17.

202 839 258 872 38.

202 1046 256 1079 39.

203 1244 258 1276 40.

206 1442 261 1474 41.

208 1640 263 1671 42.

208 1838 264 1870 43.

718 105 953 146 -2'8m

283 217 346 250 Ubi
370 214 560 257 pulvinaria,

330 264 395 296 Ubi
419 263 526 303 pluma
550 257 657 292 lenis?

282 312 355 343 Tibi
382 311 495 342 desunt
521 307 635 346 omnia,

331 358 355 391 O
382 366 474 397 quam
497 363 621 396 pauper
646 352 743 384 venis.

285 424 432 457 Membra
455 426 510 455 tua
534 424 653 461 tenera,

336 471 446 503 Costas
468 468 630 501 infantiles

284 518 392 551 Strata
415 517 564 557 premunt
588 521 711 552 aspera,

329 564 431 597 Panni
456 564 566 602 tegunt,
589 560 680 593 viles.

287 631 334 663 Te
358 632 429 662 arta
450 628 529 669 ligat
553 625 663 667 fascia,

332 678 391 716 Qui
416 675 512 708 solvis
538 673 744 713 compeditos,

284 724 460 756 Humiliant
483 721 681 763 praesaepia,

331 771 390 811 Qui
414 771 539 802 relevas
564 768 700 800 attritos.

283 838 348 870 Hic
371 835 513 868 membra
537 834 627 867 foves
652 838 771 872 tenera,

331 884 451 916 Pausas
478 885 510 914 et
533 881 678 922 quiescis,

282 932 342 971 Qui
366 931 467 971 patris
493 930 610 962 sedens
636 928 779 966 dextera,

329 978 413 1018 Quid
437 978 479 1011 sit
503 977 604 1019 labor,
630 974 746 1007 nescis.

286 1045 347 1077 Pro
375 1045 483 1084 pluma
506 1043 565 1075 tibi
589 1042 706 1075 vilibus

331 1091 541 1124 Straminibus
566 1089 717 1122 subiectis

283 1139 474 1178 Exemplum
499 1147 532 1169 es
558 1136 739 1178 humilibus,

332 1186 450 1227 Egenis
477 1188 509 1217 et
531 1185 674 1217 abiectis

287 1244 465 1282 Praesaepe
488 1244 576 1273 tuum
600 1240 741 1280 fioribus,

335 1291 499 1329 Purpureo
526 1289 641 1321 decore

292 1337 409 1370 vestiri
432 1337 534 1368 modis
560 1336 704 1368 omnibus

336 1384 478 1416 Decebat
504 1393 573 1415 cum
598 1383 729 1423 honore,

290 1441 440 1480 Gemmis,
466 1441 557 1481 rosis,
582 1438 721 1471 flosculis

336 1488 383 1520 Et.
407 1488 483 1519 liliis
508 1495 643 1519 vernare

287 1535 332 1567 Et,
355 1535 530 1574 praeclaris
554 1535 656 1565 titulis

333 1583 421 1614 Auro
446 1581 619 1622 fulgurare,

290 1639 370 1678 Quia
393 1639 426 1670 in
451 1647 487 1670 se
510 1638 680 1670 Dominum

336 1686 416 1717 Fert
442 1686 634 1725 deliciosum,

289 1733 455 1765 Universis
479 1733 636 1764 hominum

335 1780 417 1811 Prae
441 1779 515 1811 filiis
540 1776 722 1812 formosum.

289 1837 336 1870 Ut
360 1845 486 1868 saccum
510 1837 595 1868 hunc
619 1837 778 1877 indueres,

337 1884 385 1915 Te
410 1884 525 1915 caritas
549 1884 711 1924 instruxit,

289 1932 336 1965 Ut
356 1931 499 1970 perditos
530 1931 719 1971 requireres,

337 1979 413 2018 Ipsa
437 1981 470 2009 te
490 1978 623 2009 induxit.

210 2037 266 2068 44.
293 2035 329 2067 In
356 2035 473 2066 lectum
497 2037 562 2066 tam
586 2043 735 2075 asperum

338 2082 416 2122 Ipsa
439 2085 471 2113 te
494 2082 623 2122 locavit,

293 2130 467 2169 Pluresque
491 2129 524 2161 in
548 2132 710 2169 posterum

340 2177 482 2209 Labores
506 2177 700 2216 procuravit.

880 207 934 240 45.

879 416 935 448 46.

878 624 934 656 47.

883 833 939 864 48.

880 1041 935 1074 49.

883 1241 937 1272 50.

885 1440 940 1472 51.

886 1640 940 1672 52.

889 1839 947 1872 53.

888 2037 943 2070 54.

961 206 1083 245 Accipe
1107 212 1192 236 nunc
1216 201 1369 242 osculum,

1006 252 1165 285 Indicium
1189 249 1316 286 amoris,

961 301 1064 332 Tuum
1090 299 1132 331 ad
1157 295 1387 338 pectusculum,

1007 348 1032 380 Ο
1058 347 1145 378 salus
1170 343 1362 385 peccatoris.

961 414 1053 446 Tolle
1078 416 1167 445 tuum
1189 419 1336 451 puerum,

1008 462 1032 494 Ο
1059 459 1205 502 genetrix
1230 457 1381 496 formosa,

961 510 1094 548 Semper
1118 507 1200 539 habe
1225 504 1385 546 gaudium,

1009 556 1057 588 Tu
1082 555 1196 595 lilium,
1223 556 1258 585 tu
1283 561 1368 584 rosa.

961 621 1099 655 Infantis
1126 619 1269 652 membra
1293 621 1404 649 tenera

1009 670 1106 703 Casta
1129 677 1225 700 manu
1249 668 1364 707 tracta,

960 718 1045 750 Nato
1070 716 1191 757 praebe
1214 714 1326 753 ubera,

1008 764 1103 796 Hunc
1127 771 1234 804 pasce,
1262 760 1345 802 fove,
1372 761 1466 794 lacta.

966 831 1120 863 Mamillis
1144 829 1208 862 tuis
1232 828 1371 869 applica,

1011 879 1118 921 Virgo,
1147 880 1235 908 tuam
1259 876 1394 919 prolem,

963 926 987 959 O
1011 928 1116 958 mater
1142 923 1266 963 deifica,

1010 974 1179 1007 Caelorum
1203 979 1301 1011 pasce
1326 970 1436 1003 solem.

961 1041 1063 1073 Pasce
1086 1040 1272 1081 pascentem
1297 1036 1413 1077 omnia,

1010 1088 1119 1127 Virgo,
1145 1089 1234 1118 tuum
1258 1087 1370 1117 natum

972 1135 1060 1167 Fove
1085 1133 1245 1167 foventem
1271 1132 1386 1174 omnia,

1011 1184 1050 1215 In
1076 1182 1147 1214 sinu
1174 1182 1373 1213 collocatum.

965 1239 1103 1281 stringe,
1130 1238 1219 1278 virgo
1245 1237 1343 1279 regia,

1012 1287 1132 1327 Regem
1157 1286 1385 1327 amplexatum,

966 1334 1090 1367 Osculis
1116 1336 1149 1365 te
1172 1334 1256 1365 satia

1012 1382 1067 1413 Ad
1091 1391 1126 1413 os
1151 1380 1379 1413 mellificatum.

967 1439 1066 1477 Quam
1094 1439 1196 1471 dulcis
1222 1437 1377 1470 osculatio

1014 1487 1067 1519 Ad
1093 1496 1190 1527 genas
1215 1486 1309 1526 parvi
1335 1484 1455 1517 Christi

965 1534 1012 1566 Et
1033 1534 1111 1566 labii
1135 1534 1318 1574 impressio,

1014 1582 1064 1613 Tu
1088 1582 1166 1623 sola,
1193 1582 1296 1623 virgo,
1322 1580 1422 1613 scisti.

968 1639 992 1671 O
1020 1638 1211 1670 admiranda
1234 1638 1386 1676 suavitas,

1016 1686 1106 1718 Gena
1131 1687 1299 1718 coniuncta
1323 1694 1431 1728 genae,

968 1734 1069 1773 Quam
1096 1734 1197 1766 dulcis
1221 1734 1302 1765 haec
1327 1734 1471 1772 satietas,

1018 1782 1077 1822 Tu,
1102 1782 1205 1823 virgo,
1230 1782 1317 1813 nosti
1341 1781 1445 1821 plene.

974 1839 1062 1882 Vale,
1090 1847 1164 1878 spes
1189 1838 1341 1881 fidelium,

1018 1886 1130 1918 Dulcis
1154 1889 1258 1918 mater
1284 1886 1414 1926 Christi,

969 1933 1071 1965 Nobis
1097 1932 1150 1965 fac
1174 1934 1361 1974 propitium,

1017 1982 1117 2021 Quem
1141 1984 1176 2012 tu
1201 1982 1349 2021 genuisti.

971 2038 1059 2081 Vale,
1087 2038 1173 2069 salus
1198 2039 1350 2079 omnium,

1019 2086 1138 2118 Salutis
1165 2094 1235 2117 oum
1260 2090 1402 2131 auctore,

970 2133 1060 2165 Dans
1084 2142 1195 2165 verum
1219 2134 1312 2167 nobis
1333 2136 1485 2175 gaudium

1019 2181 1058 2213 In
1083 2190 1158 2214 vero
1184 2183 1354 2223 salvatore,

607 2245 661 2276 55.
688 2244 777 2286 Vale,
805 2246 884 2276 caeli
906 2247 1093 2289 tripudium,

733 2291 821 2333 Vale,
848 2293 943 2326 valde
968 2295 1094 2337 decora,

687 2338 788 2370 Tuum
815 2340 965 2373 dilectum
988 2342 1090 2375 filium

737 2386 799 2418 Pro
823 2387 917 2420 nobis
942 2399 1068 2430 semper
1092 2400 1158 2426 ora.
