1653 2608
665 92 923 131 1-151-1*

177 190 208 224 9.
234 186 316 230 Heu,
342 190 413 234 heu,
440 200 524 224 mors
550 201 568 225 o
595 193 691 225 dura!
839 193 893 228 11.
918 190 1113 227 Nutabunda
1137 194 1184 226 sic
1207 193 1241 225 in
1261 193 1379 226 mundo

234 238 405 271 Morientis
429 242 537 272 tamen
563 248 640 273 eura
918 241 1107 274 Volvebaris
1135 241 1170 273 in
1193 239 1354 280 profundo

281 286 320 318 In
344 288 378 318 te
402 287 471 319 sola
495 286 613 330 figitur,
965 289 1123 330 Lugubris
1149 288 1333 333 maestitiae,

234 330 280 368 Et
303 342 364 367 nec
387 334 475 367 illam
501 335 736 379 Magdalenam‚
919 334 990 371 Iam
1015 337 1071 369 sed
1097 337 1189 370 audis
1214 336 1378 369 beatorum

235 381 425 415 Condoloris
449 383 523 424 igne
546 384 686 426 plenam,
918 384 1022 426 Supra
1047 385 1160 418 choros
1185 384 1369 425 angelorum

280 429 425 463 Moriens
450 431 643 472 adloquitur.
965 434 1095 467 Cantica
1123 432 1274 465 laetitiae.

154 497 209 530 10.
235 494 304 531 Res
327 498 453 536 amoris,
482 497 690 531 disclavatum
838 499 893 534 12.
919 497 1029 533 Dulcis
1054 503 1165 540 mater,
1192 508 1243 532 me
1267 501 1366 539 tuere,

237 545 361 585 Corpus
386 545 474 587 rapis
501 549 698 579 cruentatum
918 547 995 591 Mei,
1023 556 1147 587 precor,
1172 547 1333 588 miserere,

283 593 465 626 osculando
491 593 640 636 dulciter,
965 595 1081 638 Mater,
1107 598 1210 628 mater
1234 595 1364 638 gratiae,

236 638 309 674 Tibi
335 643 468 673 mortem
494 641 689 683 adoptando,
922 639 947 676 Ο
974 646 1007 675 tu
1034 644 1181 684 clemens,
1206 646 1307 675 mater
1331 642 1395 683 pia,

238 688 343 721 Corde
367 688 447 725 miti,
474 689 565 721 vultu
590 689 707 722 blando
921 691 1019 731 Virgo
1045 694 1156 730 mater,
1183 700 1201 723 o
1226 691 1341 731 Maria,

282 736 392 770 Flenti
415 736 645 771 maternaliter.
967 738 1060 771 Dona
1086 738 1190 770 locum
1212 738 1335 771 veniae.

218 810 289 839 Cod.
308 812 487 841 Lambaeen.
507 811 573 840 476.
595 821 671 841 saec.
693 811 738 840 15.
759 827 798 832 —-
816 814 876 841 Die
894 814 1057 841 Aufsehrift
1075 813 1125 841 des
1144 813 1251 842 Liedes
1271 813 1304 841 in
1324 814 1374 841 der
1394 812 1450 840 Hs.

140 850 248 878 lautet:
264 851 366 879 Oratio
381 851 418 878 ad
432 851 547 879 beatam
559 851 704 888 virginem
717 851 753 878 de
767 853 906 879 memoria
918 853 1064 888 passionis
1076 852 1199 888 Christi3
1215 852 1262 879 das
1277 850 1450 879 Akrostich:

136 888 236 954 igar-iila
255 890 350 924 virgo,
372 897 425 916 ora
446 898 498 925 pro
518 889 593 917 Her
601 889 717 924 tuido,
738 891 837 917 verrat
858 889 914 917 den
931 890 1046 917 Namen
1067 890 1116 917 des
1138 892 1221 918 sonst
1240 890 1450 917 unbekannten

168 927 196 954 ic
218 929 287 955 ters-

559 1056 621 1089 154.
648 1056 691 1088 De
712 1056 930 1098 Compassione
949 1057 1036 1089 BMV.

153 1147 183 1181 1.
213 1147 309 1188 Virgo
334 1149 448 1187 mater,
474 1146 658 1187 recordare,
838 1150 869 1181 3.
895 1147 1007 1190 Dolor,
1033 1151 1109 1180 tuno
1133 1155 1225 1187 quem
1251 1146 1401 1187 habuisti,

257 1196 348 1236 Quod
373 1195 484 1227 vidisti
509 1193 609 1226 filium
943 1195 1049 1227 Maior
1074 1198 1122 1226 est
1146 1195 1308 1238 martyrio⁷

210 1243 314 1283 Ligno
340 1243 445 1275 erucis
471 1242 646 1282 exspirare,
897 1242 962 1275 Sed
987 1243 1096 1284 gavisa
1120 1246 1155 1275 tu
1180 1241 1269 1275 fuisti

258 1291 304 1324 Ut
327 1290 468 1323 salvaret
492 1290 663 1322 saeculum.
943 1290 1142 1331 Resurgente
1165 1289 1244 1324 filio,

153 1360 185 1392 2.
210 1360 305 1392 quta
330 1366 455 1389 erucem
480 1356 611 1389 astitisti
838 1359 871 1390 4.
897 1357 988 1389 Bona
1010 1360 1121 1398 mater,
1147 1366 1199 1388 me
1226 1360 1317 1389 tuere

258 1405 363 1438 Corde
386 1413 514 1446 gemens
540 1404 645 1445 anxio,
943 1404 988 1437 Et
1011 1405 1172 1437 labentem
1198 1404 1294 1449 erige,

208 1453 328 1486 Natum
353 1457 441 1484 tuum
467 1452 621 1494 aspexisti
896 1452 973 1485 Sum
997 1456 1149 1493 peccator
1173 1453 1271 1485 miser
1295 1460 1380 1494 vere,

256 1502 341 1534 Mori
366 1499 400 1533 in
425 1500 580 1541 patibulo.
944 1501 998 1532 Ad
1023 1503 1055 1532 te
1082 1509 1176 1542 cogor
1201 1499 1321 1541 fugere.

496 1570 526 1600 5.
552 1566 613 1599 Rei
638 1566 701 1598 mei
724 1567 886 1607 miserere,

601 1614 699 1653 Quem
723 1618 859 1655 gravant
882 1615 1040 1656 miseriae,

553 1662 622 1695 Fae
644 1671 697 1695 me
722 1662 817 1704 digne
838 1664 1013 1703 paenitere,

601 1710 686 1743 Dum
713 1714 761 1743 est
785 1714 909 1752 tempus
936 1711 1059 1746 veniae.

215 1789 295 1817 Orat.
326 1796 378 1816 ms.
407 1788 519 1815 Domus
546 1788 650 1817 Novae
673 1787 763 1816 Lucis
789 1789 859 1815 anni
888 1784 970 1815 1477.
1019 1786 1089 1815 Cod.
1116 1787 1302 1816 Ultraieetin.
1334 1786 1452 1824 Scriptt.

139 1827 220 1855 Eeel.
241 1824 307 1855 375.
327 1843 365 1847 —
389 1823 413 1861 1,
440 1825 454 1854 1
476 1825 578 1854 Gaude
597 1826 682 1863 virgo
702 1826 865 1854 recordare.

515 1868 529 1897 Χ

559 1967 620 2000 155.
653 1967 695 1999 De
716 1967 930 2009 compassione
950 1967 1038 1999 BMV.

150 2064 181 2097 1.
206 2061 246 2094 In
276 2061 396 2100 templo
420 2059 594 2093 Ierusalem
840 2060 870 2092 2.
898 2058 1009 2100 Tuam,
1035 2058 1150 2101 inquit,
1177 2058 1313 2090 animam

256 2109 330 2142 Iesu
354 2110 559 2149 praesentato
945 2106 1070 2147 gladius
1096 2106 1257 2140 transibit.

209 2158 329 2190 Plenus
353 2156 410 2189 ille
434 2155 561 2189 Simeon
895 2154 966 2187 Neo
990 2154 1163 2196 quidquam
1190 2154 1230 2186 de
1254 2152 1399 2185 omnibus

255 2205 374 2247 spiritu
399 2206 525 2238 sacrato
944 2202 1015 2235 istis
1040 2201 1240 2243 praeteribit,

209 2255 260 2287 De
284 2257 318 2287 te
342 2253 603 2296 prophetaverat,
899 2250 978 2290 Quin
1005 2252 1174 2292 patrentur
1199 2250 1325 2290 singula

258 2303 349 2345 virgo
376 2311 394 2334 o
419 2301 545 2340 Maria3
946 2308 965 2333 a
989 2308 1040 2332 me
1064 2307 1148 2331 nunc
1171 2298 1350 2338 praedicta,

209 2350 379 2393 Gompleta
402 2350 437 2382 in
461 2348 527 2382 filio
897 2348 996 2387 Audi,
1020 2349 1123 2380 mater
1147 2346 1245 2386 regia,

256 2403 305 2432 est
328 2400 409 2434 haec
432 2398 612 2440 prophetia.
948 2405 965 2428 ο
991 2399 1094 2428 mater
1117 2394 1247 2428 invicta.
