<?xml version="1.0" encoding="UTF-8"?>
<!DOCTYPE html PUBLIC "-//W3C//DTD XHTML 1.0 Transitional//EN"
    "http://www.w3.org/TR/xhtml1/DTD/xhtml1-transitional.dtd">
<html xmlns="http://www.w3.org/1999/xhtml" xml:lang="en" lang="en">
 <head>
  <title>
</title>
<meta http-equiv="Content-Type" content="text/html;charset=utf-8" />
  <meta name='ocr-system' content='tesseract 3.04.00' />
  <meta name='ocr-capabilities' content='ocr_page ocr_carea ocr_par ocr_line ocrx_word'/>
</head>
<body>
  <div class='ocr_page' id='page_1' title='image "./analectahymnica31drevuoft_00143.png"; bbox 0 0 1651 2606; ppageno 0'>
   <div class='ocr_carea' id='block_1_1' title="bbox 686 68 943 108">
    <p class='ocr_par' dir='ltr' id='par_1_1' title="bbox 686 68 943 108">
     <span class='ocr_line' id='line_1_1' title="bbox 686 68 943 108; baseline 0 0"><span class='ocrx_word' id='word_1_1' title='bbox 686 94 730 102; x_wconf 75' lang='lat'>-</span> <span class='ocrx_word' id='word_1_2' title='bbox 782 68 849 108; x_wconf 75' lang='lat'><strong>140</strong></span> <span class='ocrx_word' id='word_1_3' title='bbox 899 92 943 97; x_wconf 94' lang='lat'><strong>--</strong></span> 
     </span>
    </p>
   </div>
   <div class='ocr_carea' id='block_1_2' title="bbox 177 175 595 216">
    <p class='ocr_par' dir='ltr' id='par_1_2' title="bbox 177 175 595 216">
     <span class='ocr_line' id='line_1_2' title="bbox 177 175 595 216; baseline -0.012 -6"><span class='ocrx_word' id='word_1_4' title='bbox 177 178 209 210; x_wconf 85' lang='lat'><strong>3.</strong></span> <span class='ocrx_word' id='word_1_5' title='bbox 235 177 260 210; x_wconf 95' lang='grc' dir='ltr'>Ο</span> <span class='ocrx_word' id='word_1_6' title='bbox 286 176 367 209; x_wconf 90' lang='lat' dir='ltr'><strong>mira</strong></span> <span class='ocrx_word' id='word_1_7' title='bbox 391 176 435 209; x_wconf 89' lang='lat' dir='ltr'><strong>rei</strong></span> <span class='ocrx_word' id='word_1_8' title='bbox 462 175 595 216; x_wconf 88' lang='lat' dir='ltr'><strong>novitas,</strong></span> 
     </span>
    </p>
   </div>
   <div class='ocr_carea' id='block_1_3' title="bbox 235 222 725 401">
    <p class='ocr_par' dir='ltr' id='par_1_3' title="bbox 235 222 725 305">
     <span class='ocr_line' id='line_1_3' title="bbox 235 222 620 257; baseline -0.01 -1"><span class='ocrx_word' id='word_1_9' title='bbox 235 225 380 257; x_wconf 83' lang='lat' dir='ltr'>Assumit</span> <span class='ocrx_word' id='word_1_10' title='bbox 403 223 436 254; x_wconf 89' lang='lat' dir='ltr'><strong>in</strong></span> <span class='ocrx_word' id='word_1_11' title='bbox 461 226 493 254; x_wconf 85' lang='lat' dir='ltr'><strong>te</strong></span> <span class='ocrx_word' id='word_1_12' title='bbox 520 222 620 253; x_wconf 80' lang='lat' dir='ltr'><strong>deitas</strong></span> 
     </span>
     <span class='ocr_line' id='line_1_4' title="bbox 282 266 725 305; baseline -0.018 -2"><span class='ocrx_word' id='word_1_13' title='bbox 282 271 385 304; x_wconf 90' lang='lat' dir='ltr'><strong>Huius</strong></span> <span class='ocrx_word' id='word_1_14' title='bbox 412 270 555 302; x_wconf 82' lang='lat' dir='ltr'><strong>velamen</strong></span> <span class='ocrx_word' id='word_1_15' title='bbox 580 266 725 305; x_wconf 84' lang='lat' dir='ltr'><strong>habitus3</strong></span> 
     </span>
    </p>

    <p class='ocr_par' dir='ltr' id='par_1_4' title="bbox 236 315 664 352">
     <span class='ocr_line' id='line_1_5' title="bbox 236 315 664 352; baseline -0.019 0"><span class='ocrx_word' id='word_1_16' title='bbox 236 320 261 352; x_wconf 91' lang='lat' dir='ltr'>O</span> <span class='ocrx_word' id='word_1_17' title='bbox 288 319 369 350; x_wconf 88' lang='lat' dir='ltr'><strong>mira</strong></span> <span class='ocrx_word' id='word_1_18' title='bbox 393 317 512 350; x_wconf 80' lang='lat' dir='ltr'>Christi</span> <span class='ocrx_word' id='word_1_19' title='bbox 538 315 664 352; x_wconf 83' lang='lat' dir='ltr'><strong>caritas,</strong></span> 
     </span>
    </p>

    <p class='ocr_par' dir='ltr' id='par_1_5' title="bbox 236 362 662 401">
     <span class='ocr_line' id='line_1_6' title="bbox 236 362 662 401; baseline -0.016 -3"><span class='ocrx_word' id='word_1_20' title='bbox 236 366 374 398; x_wconf 86' lang='lat' dir='ltr'><strong>Serviles</strong></span> <span class='ocrx_word' id='word_1_21' title='bbox 401 364 501 396; x_wconf 77' lang='lat' dir='ltr'><strong>currit</strong></span> <span class='ocrx_word' id='word_1_22' title='bbox 525 362 662 401; x_wconf 79' lang='lat' dir='ltr'>semitas,</span> 
     </span>
    </p>
   </div>
   <div class='ocr_carea' id='block_1_4' title="bbox 284 406 787 451">
    <p class='ocr_par' dir='ltr' id='par_1_6' title="bbox 284 406 787 451">
     <span class='ocr_line' id='line_1_7' title="bbox 284 406 787 451; baseline -0.016 -7"><span class='ocrx_word' id='word_1_23' title='bbox 284 412 382 451; x_wconf 74' lang='lat' dir='ltr'><strong>Quem</strong></span> <span class='ocrx_word' id='word_1_24' title='bbox 414 411 502 442; x_wconf 85' lang='lat' dir='ltr'><strong>nulla</strong></span> <span class='ocrx_word' id='word_1_25' title='bbox 527 411 615 440; x_wconf 83' lang='lat' dir='ltr'><strong>tenet</strong></span> <span class='ocrx_word' id='word_1_26' title='bbox 639 406 787 438; x_wconf 89' lang='lat' dir='ltr'><strong>servitus.</strong></span> 
     </span>
    </p>
   </div>
   <div class='ocr_carea' id='block_1_5' title="bbox 205 493 715 765">
    <p class='ocr_par' dir='ltr' id='par_1_7' title="bbox 205 493 674 533">
     <span class='ocr_line' id='line_1_8' title="bbox 205 493 674 533; baseline -0.015 -2"><span class='ocrx_word' id='word_1_27' title='bbox 205 525 211 531; x_wconf 92' lang='lat'>.</span> <span class='ocrx_word' id='word_1_28' title='bbox 240 497 374 531; x_wconf 86' lang='lat' dir='ltr'><strong>Vivencli</strong></span> <span class='ocrx_word' id='word_1_29' title='bbox 399 494 501 527; x_wconf 87' lang='lat' dir='ltr'><strong>factus</strong></span> <span class='ocrx_word' id='word_1_30' title='bbox 527 493 674 533; x_wconf 84' lang='lat' dir='ltr'><strong>formula,</strong></span> 
     </span>
    </p>

    <p class='ocr_par' dir='ltr' id='par_1_8' title="bbox 236 540 696 630">
     <span class='ocr_line' id='line_1_9' title="bbox 236 540 696 584; baseline -0.013 -7"><span class='ocrx_word' id='word_1_31' title='bbox 236 545 333 584; x_wconf 78' lang='lat' dir='ltr'><strong>Quem</strong></span> <span class='ocrx_word' id='word_1_32' title='bbox 357 544 444 576; x_wconf 87' lang='lat' dir='ltr'><strong>Deus</strong></span> <span class='ocrx_word' id='word_1_33' title='bbox 471 543 544 574; x_wconf 83' lang='lat' dir='ltr'><strong>ante</strong></span> <span class='ocrx_word' id='word_1_34' title='bbox 569 540 696 573; x_wconf 87' lang='lat' dir='ltr'><strong>saecula</strong></span> 
     </span>
     <span class='ocr_line' id='line_1_10' title="bbox 284 588 691 630; baseline -0.012 -6"><span class='ocrx_word' id='word_1_35' title='bbox 284 590 458 630; x_wconf 89' lang='lat' dir='ltr'><strong>Aequalem</strong></span> <span class='ocrx_word' id='word_1_36' title='bbox 487 588 549 621; x_wconf 85' lang='lat' dir='ltr'><strong>sibi</strong></span> <span class='ocrx_word' id='word_1_37' title='bbox 574 588 691 628; x_wconf 84' lang='lat' dir='ltr'><strong>genuit,</strong></span> 
     </span>
    </p>

    <p class='ocr_par' dir='ltr' id='par_1_9' title="bbox 236 636 596 679">
     <span class='ocr_line' id='line_1_11' title="bbox 236 636 596 679; baseline -0.011 -8"><span class='ocrx_word' id='word_1_38' title='bbox 236 640 275 671; x_wconf 83' lang='lat' dir='ltr'><strong>In</strong></span> <span class='ocrx_word' id='word_1_39' title='bbox 298 637 448 677; x_wconf 82' lang='lat' dir='ltr'><strong>virginali</strong></span> <span class='ocrx_word' id='word_1_40' title='bbox 471 636 596 679; x_wconf 82' lang='lat' dir='ltr'><strong>cellula,</strong></span> 
     </span>
    </p>

    <p class='ocr_par' dir='ltr' id='par_1_10' title="bbox 237 684 715 765">
     <span class='ocr_line' id='line_1_12' title="bbox 237 684 640 723; baseline -0.01 -5"><span class='ocrx_word' id='word_1_41' title='bbox 237 685 301 718; x_wconf 85' lang='lat' dir='ltr'><strong>Sub</strong></span> <span class='ocrx_word' id='word_1_42' title='bbox 327 684 505 717; x_wconf 81' lang='lat' dir='ltr'><strong>monachali</strong></span> <span class='ocrx_word' id='word_1_43' title='bbox 529 684 640 723; x_wconf 82' lang='lat' dir='ltr'><strong>regula</strong></span> 
     </span>
     <span class='ocr_line' id='line_1_13' title="bbox 284 730 715 765; baseline -0.005 -1"><span class='ocrx_word' id='word_1_44' title='bbox 284 733 448 765; x_wconf 88' lang='lat' dir='ltr'><strong>Cucullam</strong></span> <span class='ocrx_word' id='word_1_45' title='bbox 472 731 575 763; x_wconf 83' lang='lat' dir='ltr'><strong>carnis</strong></span> <span class='ocrx_word' id='word_1_46' title='bbox 600 730 715 762; x_wconf 88' lang='lat' dir='ltr'><strong>induit.</strong></span> 
     </span>
    </p>
   </div>
   <div class='ocr_carea' id='block_1_6' title="bbox 201 817 716 905">
    <p class='ocr_par' dir='ltr' id='par_1_11' title="bbox 201 817 716 905">
     <span class='ocr_line' id='line_1_14' title="bbox 201 817 716 851; baseline -0.008 0"><span class='ocrx_word' id='word_1_47' title='bbox 201 843 208 851; x_wconf 95' lang='lat'>.</span> <span class='ocrx_word' id='word_1_48' title='bbox 234 819 299 850; x_wconf 84' lang='lat' dir='ltr'><strong>Hic</strong></span> <span class='ocrx_word' id='word_1_49' title='bbox 323 826 422 849; x_wconf 87' lang='lat' dir='ltr'><strong>novus</strong></span> <span class='ocrx_word' id='word_1_50' title='bbox 448 817 547 850; x_wconf 83' lang='lat' dir='ltr'><strong>abbas</strong></span> <span class='ocrx_word' id='word_1_51' title='bbox 574 817 716 848; x_wconf 89' lang='lat' dir='ltr'><strong>clanculo</strong></span> 
     </span>
     <span class='ocr_line' id='line_1_15' title="bbox 234 865 619 905; baseline -0.008 -7"><span class='ocrx_word' id='word_1_52' title='bbox 234 866 280 898; x_wconf 85' lang='lat' dir='ltr'><strong>Et</strong></span> <span class='ocrx_word' id='word_1_53' title='bbox 307 865 468 897; x_wconf 73' lang='lat' dir='ltr'>nesciente</span> <span class='ocrx_word' id='word_1_54' title='bbox 491 865 619 905; x_wconf 85' lang='lat' dir='ltr'><strong>pessulo</strong></span> 
     </span>
    </p>
   </div>
   <div class='ocr_carea' id='block_1_7' title="bbox 284 910 790 945">
    <p class='ocr_par' dir='ltr' id='par_1_12' title="bbox 284 910 790 945">
     <span class='ocr_line' id='line_1_16' title="bbox 284 910 790 945; baseline -0.006 -1"><span class='ocrx_word' id='word_1_55' title='bbox 284 913 465 945; x_wconf 87' lang='lat' dir='ltr'><strong>Claustrum</strong></span> <span class='ocrx_word' id='word_1_56' title='bbox 507 911 690 943; x_wconf 78' lang='lat' dir='ltr'><strong>subintrans</strong></span> <span class='ocrx_word' id='word_1_57' title='bbox 728 910 790 943; x_wconf 91' lang='lat' dir='ltr'><strong>vir-</strong></span> 
     </span>
    </p>
   </div>
   <div class='ocr_carea' id='block_1_8' title="bbox 238 959 703 1134">
    <p class='ocr_par' dir='ltr' id='par_1_13' title="bbox 238 959 703 1134">
     <span class='ocr_line' id='line_1_17' title="bbox 560 959 643 999; baseline -0.012 -9"><span class='ocrx_word' id='word_1_58' title='bbox 560 959 643 999; x_wconf 87' lang='lat' dir='ltr'><strong>ginis</strong></span> 
     </span>
     <span class='ocr_line' id='line_1_18' title="bbox 239 1006 620 1045; baseline -0.005 -6"><span class='ocrx_word' id='word_1_59' title='bbox 239 1008 399 1039; x_wconf 79' lang='lat' dir='ltr'><strong>Virtutum</strong></span> <span class='ocrx_word' id='word_1_60' title='bbox 423 1007 458 1038; x_wconf 89' lang='lat' dir='ltr'><strong>in</strong></span> <span class='ocrx_word' id='word_1_61' title='bbox 482 1006 620 1045; x_wconf 70' lang='lat' dir='ltr'><strong>capitulo</strong></span> 
     </span>
     <span class='ocr_line' id='line_1_19' title="bbox 238 1053 656 1087; baseline -0.005 -1"><span class='ocrx_word' id='word_1_62' title='bbox 238 1055 312 1087; x_wconf 89' lang='lat' dir='ltr'><strong>Toti</strong></span> <span class='ocrx_word' id='word_1_63' title='bbox 336 1054 506 1086; x_wconf 80' lang='lat' dir='ltr'><strong>texendam</strong></span> <span class='ocrx_word' id='word_1_64' title='bbox 531 1053 656 1085; x_wconf 85' lang='lat' dir='ltr'><strong>saeculo</strong></span> 
     </span>
     <span class='ocr_line' id='line_1_20' title="bbox 284 1100 703 1134; baseline -0.002 -1"><span class='ocrx_word' id='word_1_65' title='bbox 284 1101 395 1134; x_wconf 72' lang='lat' dir='ltr'><strong>‘selam</strong></span> <span class='ocrx_word' id='word_1_66' title='bbox 421 1101 546 1133; x_wconf 86' lang='lat' dir='ltr'><strong>orditur</strong></span> <span class='ocrx_word' id='word_1_67' title='bbox 571 1100 703 1133; x_wconf 84' lang='lat' dir='ltr'><strong>ordinis.</strong></span> 
     </span>
    </p>
   </div>
   <div class='ocr_carea' id='block_1_9' title="bbox 204 1176 751 1453">
    <p class='ocr_par' dir='ltr' id='par_1_14' title="bbox 204 1176 751 1453">
     <span class='ocr_line' id='line_1_21' title="bbox 204 1176 681 1216; baseline -0.006 -6"><span class='ocrx_word' id='word_1_68' title='bbox 204 1203 210 1210; x_wconf 93' lang='lat'><strong><em>.</em></strong></span> <span class='ocrx_word' id='word_1_69' title='bbox 235 1177 301 1209; x_wconf 89' lang='lat' dir='ltr'><strong>Nos</strong></span> <span class='ocrx_word' id='word_1_70' title='bbox 330 1177 392 1209; x_wconf 90' lang='lat' dir='ltr'><strong>iter</strong></span> <span class='ocrx_word' id='word_1_71' title='bbox 419 1176 535 1208; x_wconf 87' lang='lat' dir='ltr'><strong>docens</strong></span> <span class='ocrx_word' id='word_1_72' title='bbox 560 1177 681 1216; x_wconf 86' lang='lat' dir='ltr'><strong>regium</strong></span> 
     </span>
     <span class='ocr_line' id='line_1_22' title="bbox 239 1224 691 1264; baseline -0.004 -8"><span class='ocrx_word' id='word_1_73' title='bbox 239 1224 310 1257; x_wconf 83' lang='lat' dir='ltr'><strong>Rex</strong></span> <span class='ocrx_word' id='word_1_74' title='bbox 336 1225 450 1256; x_wconf 86' lang='lat' dir='ltr'><strong>missus</strong></span> <span class='ocrx_word' id='word_1_75' title='bbox 475 1225 507 1256; x_wconf 91' lang='lat' dir='ltr'><strong>in</strong></span> <span class='ocrx_word' id='word_1_76' title='bbox 534 1224 691 1264; x_wconf 82' lang='lat' dir='ltr'><strong>exsilium,</strong></span> 
     </span>
     <span class='ocr_line' id='line_1_23' title="bbox 287 1271 750 1312; baseline -0.002 -9"><span class='ocrx_word' id='word_1_77' title='bbox 287 1271 330 1303; x_wconf 92' lang='lat' dir='ltr'><strong>Ut</strong></span> <span class='ocrx_word' id='word_1_78' title='bbox 356 1272 417 1303; x_wconf 89' lang='lat' dir='ltr'><strong>hoc</strong></span> <span class='ocrx_word' id='word_1_79' title='bbox 441 1279 607 1312; x_wconf 82' lang='lat' dir='ltr'><strong>regnemus</strong></span> <span class='ocrx_word' id='word_1_80' title='bbox 634 1271 750 1310; x_wconf 86' lang='lat' dir='ltr'><strong>exsule,</strong></span> 
     </span>
     <span class='ocr_line' id='line_1_24' title="bbox 242 1318 730 1359; baseline -0.004 -8"><span class='ocrx_word' id='word_1_81' title='bbox 242 1319 430 1359; x_wconf 81' lang='lat' dir='ltr'><strong>Primusque</strong></span> <span class='ocrx_word' id='word_1_82' title='bbox 456 1319 567 1350; x_wconf 81' lang='lat' dir='ltr'><strong>doctor</strong></span> <span class='ocrx_word' id='word_1_83' title='bbox 592 1318 730 1350; x_wconf 84' lang='lat' dir='ltr'><strong>omnium</strong></span> 
     </span>
     <span class='ocr_line' id='line_1_25' title="bbox 241 1365 665 1406; baseline -0.005 -8"><span class='ocrx_word' id='word_1_84' title='bbox 241 1367 293 1398; x_wconf 92' lang='lat' dir='ltr'><strong>Ad</strong></span> <span class='ocrx_word' id='word_1_85' title='bbox 320 1365 453 1398; x_wconf 84' lang='lat' dir='ltr'><strong>formam</strong></span> <span class='ocrx_word' id='word_1_86' title='bbox 476 1365 665 1406; x_wconf 81' lang='lat' dir='ltr'><strong>patientium</strong></span> 
     </span>
     <span class='ocr_line' id='line_1_26' title="bbox 287 1411 751 1453; baseline 0.002 -9"><span class='ocrx_word' id='word_1_87' title='bbox 287 1413 418 1445; x_wconf 82' lang='lat' dir='ltr'><strong>Manum</strong></span> <span class='ocrx_word' id='word_1_88' title='bbox 444 1413 594 1453; x_wconf 82' lang='lat' dir='ltr'><strong>supponit</strong></span> <span class='ocrx_word' id='word_1_89' title='bbox 620 1411 751 1445; x_wconf 86' lang='lat' dir='ltr'><strong>ferulae.</strong></span> 
     </span>
    </p>
   </div>
   <div class='ocr_carea' id='block_1_10' title="bbox 207 1488 713 1761">
    <p class='ocr_par' dir='ltr' id='par_1_15' title="bbox 207 1488 665 1531">
     <span class='ocr_line' id='line_1_27' title="bbox 207 1488 665 1531; baseline -0.002 -10"><span class='ocrx_word' id='word_1_90' title='bbox 207 1513 214 1520; x_wconf 93' lang='lat'>.</span> <span class='ocrx_word' id='word_1_91' title='bbox 243 1489 303 1528; x_wconf 75' lang='lat' dir='ltr'><strong>Qui</strong></span> <span class='ocrx_word' id='word_1_92' title='bbox 326 1489 403 1521; x_wconf 85' lang='lat' dir='ltr'><strong>licet</strong></span> <span class='ocrx_word' id='word_1_93' title='bbox 426 1490 529 1528; x_wconf 79' lang='lat' dir='ltr'><strong>possit</strong></span> <span class='ocrx_word' id='word_1_94' title='bbox 553 1488 665 1531; x_wconf 87' lang='lat' dir='ltr'><strong>omnia,</strong></span> 
     </span>
    </p>

    <p class='ocr_par' dir='ltr' id='par_1_16' title="bbox 239 1536 713 1623">
     <span class='ocr_line' id='line_1_28' title="bbox 239 1536 666 1576; baseline -0.005 -7"><span class='ocrx_word' id='word_1_95' title='bbox 239 1536 311 1569; x_wconf 76' lang='lat' dir='ltr'><strong>Non</strong></span> <span class='ocrx_word' id='word_1_96' title='bbox 337 1545 432 1576; x_wconf 89' lang='lat' dir='ltr'><strong>posse</strong></span> <span class='ocrx_word' id='word_1_97' title='bbox 454 1538 560 1568; x_wconf 79' lang='lat' dir='ltr'><strong>tamen</strong></span> <span class='ocrx_word' id='word_1_98' title='bbox 585 1536 666 1568; x_wconf 79' lang='lat' dir='ltr'><strong>vitia</strong></span> 
     </span>
     <span class='ocr_line' id='line_1_29' title="bbox 287 1582 713 1623; baseline 0 -8"><span class='ocrx_word' id='word_1_99' title='bbox 287 1583 359 1616; x_wconf 87' lang='lat' dir='ltr'><strong>Hoc</strong></span> <span class='ocrx_word' id='word_1_100' title='bbox 383 1584 483 1616; x_wconf 90' lang='lat' dir='ltr'><strong>solum</strong></span> <span class='ocrx_word' id='word_1_101' title='bbox 509 1584 569 1615; x_wconf 91' lang='lat' dir='ltr'><strong>soli</strong></span> <span class='ocrx_word' id='word_1_102' title='bbox 596 1582 713 1623; x_wconf 85' lang='lat' dir='ltr'><strong>deficit,</strong></span> 
     </span>
    </p>

    <p class='ocr_par' dir='ltr' id='par_1_17' title="bbox 238 1630 622 1670">
     <span class='ocr_line' id='line_1_30' title="bbox 238 1630 622 1670; baseline -0.003 -7"><span class='ocrx_word' id='word_1_103' title='bbox 238 1630 301 1663; x_wconf 86' lang='lat' dir='ltr'><strong>Sed</strong></span> <span class='ocrx_word' id='word_1_104' title='bbox 326 1632 399 1663; x_wconf 87' lang='lat' dir='ltr'><strong>talis</strong></span> <span class='ocrx_word' id='word_1_105' title='bbox 424 1631 622 1670; x_wconf 79' lang='lat' dir='ltr'><strong>impotentia,</strong></span> 
     </span>
    </p>

    <p class='ocr_par' dir='ltr' id='par_1_18' title="bbox 239 1678 639 1761">
     <span class='ocr_line' id='line_1_31' title="bbox 239 1678 614 1719; baseline 0.003 -10"><span class='ocrx_word' id='word_1_106' title='bbox 239 1678 273 1709; x_wconf 88' lang='lat' dir='ltr'><strong>Si</strong></span> <span class='ocrx_word' id='word_1_107' title='bbox 301 1678 364 1710; x_wconf 86' lang='lat' dir='ltr'><strong>dici</strong></span> <span class='ocrx_word' id='word_1_108' title='bbox 386 1678 504 1710; x_wconf 81' lang='lat' dir='ltr'><strong>debent</strong></span> <span class='ocrx_word' id='word_1_109' title='bbox 527 1679 614 1719; x_wconf 79' lang='lat' dir='ltr'><strong>talia,</strong></span> 
     </span>
     <span class='ocr_line' id='line_1_32' title="bbox 290 1725 639 1761; baseline 0.011 -5"><span class='ocrx_word' id='word_1_110' title='bbox 290 1725 503 1757; x_wconf 85' lang='lat' dir='ltr'><strong>Potentiorem</strong></span> <span class='ocrx_word' id='word_1_111' title='bbox 530 1725 639 1761; x_wconf 84' lang='lat' dir='ltr'><strong>efficit.</strong></span> 
     </span>
    </p>
   </div>
   <div class='ocr_carea' id='block_1_11' title="bbox 210 1800 768 2071">
    <p class='ocr_par' dir='ltr' id='par_1_19' title="bbox 210 1800 691 1841">
     <span class='ocr_line' id='line_1_33' title="bbox 210 1800 691 1841; baseline 0.006 -10"><span class='ocrx_word' id='word_1_112' title='bbox 210 1825 215 1831; x_wconf 94' lang='lat'>.</span> <span class='ocrx_word' id='word_1_113' title='bbox 241 1800 341 1832; x_wconf 89' lang='lat' dir='ltr'><strong>Nemo</strong></span> <span class='ocrx_word' id='word_1_114' title='bbox 367 1804 550 1840; x_wconf 82' lang='lat' dir='ltr'><strong>praesumat</strong></span> <span class='ocrx_word' id='word_1_115' title='bbox 575 1803 691 1841; x_wconf 84' lang='lat' dir='ltr'><strong>dicere,</strong></span> 
     </span>
    </p>

    <p class='ocr_par' dir='ltr' id='par_1_20' title="bbox 242 1848 719 1939">
     <span class='ocr_line' id='line_1_34' title="bbox 242 1848 711 1890; baseline 0.004 -11"><span class='ocrx_word' id='word_1_116' title='bbox 242 1848 330 1887; x_wconf 80' lang='lat' dir='ltr'><strong>Quod</strong></span> <span class='ocrx_word' id='word_1_117' title='bbox 357 1849 445 1888; x_wconf 80' lang='lat' dir='ltr'><strong>virgo</strong></span> <span class='ocrx_word' id='word_1_118' title='bbox 471 1850 570 1888; x_wconf 87' lang='lat' dir='ltr'><strong>possit</strong></span> <span class='ocrx_word' id='word_1_119' title='bbox 595 1858 711 1890; x_wconf 85' lang='lat' dir='ltr'><strong>parere</strong></span> 
     </span>
     <span class='ocr_line' id='line_1_35' title="bbox 289 1894 719 1939; baseline 0.002 -11"><span class='ocrx_word' id='word_1_120' title='bbox 289 1894 391 1928; x_wconf 88' lang='lat' dir='ltr'><strong>Deum</strong></span> <span class='ocrx_word' id='word_1_121' title='bbox 416 1904 478 1927; x_wconf 90' lang='lat' dir='ltr'><strong>non</strong></span> <span class='ocrx_word' id='word_1_122' title='bbox 503 1896 719 1939; x_wconf 79' lang='lat' dir='ltr'><strong>virginaliter3</strong></span> 
     </span>
    </p>

    <p class='ocr_par' dir='ltr' id='par_1_21' title="bbox 242 1942 687 1986">
     <span class='ocr_line' id='line_1_36' title="bbox 242 1942 687 1986; baseline 0.004 -12"><span class='ocrx_word' id='word_1_123' title='bbox 242 1942 314 1975; x_wconf 89' lang='lat' dir='ltr'><strong>Hoc</strong></span> <span class='ocrx_word' id='word_1_124' title='bbox 340 1943 380 1975; x_wconf 89' lang='lat' dir='ltr'><strong>de</strong></span> <span class='ocrx_word' id='word_1_125' title='bbox 404 1951 455 1974; x_wconf 91' lang='lat' dir='ltr'><strong>me</strong></span> <span class='ocrx_word' id='word_1_126' title='bbox 481 1944 551 1975; x_wconf 87' lang='lat' dir='ltr'><strong>dico</strong></span> <span class='ocrx_word' id='word_1_127' title='bbox 576 1944 687 1986; x_wconf 82' lang='lat' dir='ltr'><strong>libere,</strong></span> 
     </span>
    </p>

    <p class='ocr_par' dir='ltr' id='par_1_22' title="bbox 243 1990 768 2071">
     <span class='ocr_line' id='line_1_37' title="bbox 243 1990 768 2032; baseline 0.004 -10"><span class='ocrx_word' id='word_1_128' title='bbox 243 1990 316 2022; x_wconf 80' lang='lat' dir='ltr'><strong>Non</strong></span> <span class='ocrx_word' id='word_1_129' title='bbox 341 1999 466 2030; x_wconf 85' lang='lat' dir='ltr'><strong>possem</strong></span> <span class='ocrx_word' id='word_1_130' title='bbox 490 1993 600 2022; x_wconf 84' lang='lat' dir='ltr'><strong>natum</strong></span> <span class='ocrx_word' id='word_1_131' title='bbox 627 1992 768 2032; x_wconf 83' lang='lat' dir='ltr'><strong>credere,</strong></span> 
     </span>
     <span class='ocr_line' id='line_1_38' title="bbox 290 2036 676 2071; baseline 0.005 -2"><span class='ocrx_word' id='word_1_132' title='bbox 290 2036 324 2070; x_wconf 89' lang='lat' dir='ltr'><strong>Si</strong></span> <span class='ocrx_word' id='word_1_133' title='bbox 348 2041 440 2069; x_wconf 77' lang='lat' dir='ltr'><strong>natus</strong></span> <span class='ocrx_word' id='word_1_134' title='bbox 464 2040 547 2069; x_wconf 87' lang='lat' dir='ltr'><strong>esset</strong></span> <span class='ocrx_word' id='word_1_135' title='bbox 571 2039 676 2071; x_wconf 89' lang='lat' dir='ltr'><strong>aliter.</strong></span> 
     </span>
    </p>
   </div>
   <div class='ocr_carea' id='block_1_12' title="bbox 210 2113 759 2396">
    <p class='ocr_par' dir='ltr' id='par_1_23' title="bbox 210 2113 759 2396">
     <span class='ocr_line' id='line_1_39' title="bbox 210 2113 759 2159; baseline 0.005 -14"><span class='ocrx_word' id='word_1_136' title='bbox 210 2139 216 2145; x_wconf 92' lang='lat'>.</span> <span class='ocrx_word' id='word_1_137' title='bbox 243 2113 307 2146; x_wconf 82' lang='lat' dir='ltr'><strong>Sed</strong></span> <span class='ocrx_word' id='word_1_138' title='bbox 333 2114 360 2145; x_wconf 88' lang='lat' dir='ltr'><strong>si</strong></span> <span class='ocrx_word' id='word_1_139' title='bbox 387 2114 428 2146; x_wconf 90' lang='lat' dir='ltr'><strong>de</strong></span> <span class='ocrx_word' id='word_1_140' title='bbox 451 2115 545 2147; x_wconf 91' lang='lat' dir='ltr'><strong>modo</strong></span> <span class='ocrx_word' id='word_1_141' title='bbox 571 2116 759 2159; x_wconf 79' lang='lat' dir='ltr'><strong>quaerimus,</strong></span> 
     </span>
     <span class='ocr_line' id='line_1_40' title="bbox 242 2161 749 2204; baseline 0.004 -11"><span class='ocrx_word' id='word_1_142' title='bbox 242 2161 330 2194; x_wconf 87' lang='lat' dir='ltr'><strong>Male</strong></span> <span class='ocrx_word' id='word_1_143' title='bbox 355 2163 535 2201; x_wconf 81' lang='lat' dir='ltr'><strong>quaerendo</strong></span> <span class='ocrx_word' id='word_1_144' title='bbox 563 2163 749 2204; x_wconf 84' lang='lat' dir='ltr'><strong>claudimus,</strong></span> 
     </span>
     <span class='ocr_line' id='line_1_41' title="bbox 291 2208 749 2251; baseline 0.004 -11"><span class='ocrx_word' id='word_1_145' title='bbox 291 2209 384 2248; x_wconf 72' lang='lat' dir='ltr'><strong>Quod</strong></span> <span class='ocrx_word' id='word_1_146' title='bbox 409 2212 497 2241; x_wconf 80' lang='lat' dir='ltr'><strong>certa</strong></span> <span class='ocrx_word' id='word_1_147' title='bbox 522 2208 602 2242; x_wconf 79' lang='lat' dir='ltr'><strong>fides</strong></span> <span class='ocrx_word' id='word_1_148' title='bbox 626 2212 749 2251; x_wconf 69' lang='lat' dir='ltr'><strong>aperit,</strong></span> 
     </span>
     <span class='ocr_line' id='line_1_42' title="bbox 245 2257 747 2301; baseline 0.004 -12"><span class='ocrx_word' id='word_1_149' title='bbox 245 2257 321 2297; x_wconf 88' lang='lat' dir='ltr'><strong>Nos,</strong></span> <span class='ocrx_word' id='word_1_150' title='bbox 347 2257 400 2297; x_wconf 87' lang='lat' dir='ltr'><strong>qui</strong></span> <span class='ocrx_word' id='word_1_151' title='bbox 424 2257 482 2289; x_wconf 91' lang='lat' dir='ltr'><strong>sub</strong></span> <span class='ocrx_word' id='word_1_152' title='bbox 506 2258 577 2298; x_wconf 86' lang='lat' dir='ltr'><strong>ipso</strong></span> <span class='ocrx_word' id='word_1_153' title='bbox 604 2258 747 2301; x_wconf 90' lang='lat' dir='ltr'><strong>vivimus,</strong></span> 
     </span>
     <span class='ocr_line' id='line_1_43' title="bbox 243 2304 657 2348; baseline 0 -10"><span class='ocrx_word' id='word_1_154' title='bbox 243 2304 468 2338; x_wconf 88' lang='lat' dir='ltr'><strong>Indubitanter</strong></span> <span class='ocrx_word' id='word_1_155' title='bbox 491 2305 657 2348; x_wconf 84' lang='lat' dir='ltr'><strong>credimus,</strong></span> 
     </span>
     <span class='ocr_line' id='line_1_44' title="bbox 293 2353 755 2396; baseline 0.011 -13"><span class='ocrx_word' id='word_1_156' title='bbox 293 2353 383 2392; x_wconf 79' lang='lat' dir='ltr'><strong>Quod</strong></span> <span class='ocrx_word' id='word_1_157' title='bbox 410 2361 479 2385; x_wconf 91' lang='lat' dir='ltr'><strong>eum</strong></span> <span class='ocrx_word' id='word_1_158' title='bbox 505 2353 593 2394; x_wconf 89' lang='lat' dir='ltr'><strong>virgo</strong></span> <span class='ocrx_word' id='word_1_159' title='bbox 619 2355 755 2396; x_wconf 85' lang='lat' dir='ltr'><strong>peperit.</strong></span> 
     </span>
    </p>
   </div>
   <div class='ocr_carea' id='block_1_13' title="bbox 859 167 913 200">
    <p class='ocr_par' dir='ltr' id='par_1_24' title="bbox 859 167 913 200">
     <span class='ocr_line' id='line_1_45' title="bbox 859 167 913 200; baseline 0 -1"><span class='ocrx_word' id='word_1_160' title='bbox 859 167 913 200; x_wconf 90' lang='lat'><strong>10.</strong></span> 
     </span>
    </p>
   </div>
   <div class='ocr_carea' id='block_1_14' title="bbox 860 488 913 525">
    <p class='ocr_par' dir='ltr' id='par_1_25' title="bbox 860 488 913 525">
     <span class='ocr_line' id='line_1_46' title="bbox 860 488 913 525; baseline 0.075 -5"><span class='ocrx_word' id='word_1_161' title='bbox 860 488 913 525; x_wconf 83' lang='lat'><strong>11.</strong></span> 
     </span>
    </p>
   </div>
   <div class='ocr_carea' id='block_1_15' title="bbox 864 812 919 845">
    <p class='ocr_par' dir='ltr' id='par_1_26' title="bbox 864 812 919 845">
     <span class='ocr_line' id='line_1_47' title="bbox 864 812 919 845; baseline 0.018 -1"><span class='ocrx_word' id='word_1_162' title='bbox 864 812 919 845; x_wconf 85' lang='lat'><strong>12.</strong></span> 
     </span>
    </p>
   </div>
   <div class='ocr_carea' id='block_1_16' title="bbox 864 1124 920 1157">
    <p class='ocr_par' dir='ltr' id='par_1_27' title="bbox 864 1124 920 1157">
     <span class='ocr_line' id='line_1_48' title="bbox 864 1124 920 1157; baseline -0.018 0"><span class='ocrx_word' id='word_1_163' title='bbox 864 1124 920 1157; x_wconf 82' lang='lat'><strong>13.</strong></span> 
     </span>
    </p>
   </div>
   <div class='ocr_carea' id='block_1_17' title="bbox 865 1439 921 1471">
    <p class='ocr_par' dir='ltr' id='par_1_28' title="bbox 865 1439 921 1471">
     <span class='ocr_line' id='line_1_49' title="bbox 865 1439 921 1471; baseline -0.018 0"><span class='ocrx_word' id='word_1_164' title='bbox 865 1439 921 1471; x_wconf 83' lang='lat'><strong>14.</strong></span> 
     </span>
    </p>
   </div>
   <div class='ocr_carea' id='block_1_18' title="bbox 868 1753 923 1786">
    <p class='ocr_par' dir='ltr' id='par_1_29' title="bbox 868 1753 923 1786">
     <span class='ocr_line' id='line_1_50' title="bbox 868 1753 923 1786; baseline 0.018 -1"><span class='ocrx_word' id='word_1_165' title='bbox 868 1753 923 1786; x_wconf 86' lang='lat'><strong>15.</strong></span> 
     </span>
    </p>
   </div>
   <div class='ocr_carea' id='block_1_19' title="bbox 871 2065 924 2100">
    <p class='ocr_par' dir='ltr' id='par_1_30' title="bbox 871 2065 924 2100">
     <span class='ocr_line' id='line_1_51' title="bbox 871 2065 924 2100; baseline 0.057 -3"><span class='ocrx_word' id='word_1_166' title='bbox 871 2065 924 2100; x_wconf 88' lang='lat'><strong>16.</strong></span> 
     </span>
    </p>
   </div>
   <div class='ocr_carea' id='block_1_20' title="bbox 939 164 1460 443">
    <p class='ocr_par' dir='ltr' id='par_1_31' title="bbox 939 164 1460 443">
     <span class='ocr_line' id='line_1_52' title="bbox 941 164 1381 205; baseline -0.009 -6"><span class='ocrx_word' id='word_1_167' title='bbox 941 166 985 199; x_wconf 86' lang='lat' dir='ltr'><strong>Et</strong></span> <span class='ocrx_word' id='word_1_168' title='bbox 1009 166 1084 205; x_wconf 87' lang='lat' dir='ltr'><strong>quia</strong></span> <span class='ocrx_word' id='word_1_169' title='bbox 1107 166 1223 198; x_wconf 89' lang='lat' dir='ltr'><strong>scimus</strong></span> <span class='ocrx_word' id='word_1_170' title='bbox 1248 164 1381 202; x_wconf 87' lang='lat' dir='ltr'><strong>licitum,</strong></span> 
     </span>
     <span class='ocr_line' id='line_1_53' title="bbox 942 209 1460 253; baseline -0.01 -8"><span class='ocrx_word' id='word_1_171' title='bbox 942 211 1104 253; x_wconf 81' lang='lat' dir='ltr'><strong>Quidquid</strong></span> <span class='ocrx_word' id='word_1_172' title='bbox 1129 217 1178 245; x_wconf 86' lang='lat' dir='ltr'><strong>est.</strong></span> <span class='ocrx_word' id='word_1_173' title='bbox 1200 212 1270 245; x_wconf 87' lang='lat' dir='ltr'><strong>Deo</strong></span> <span class='ocrx_word' id='word_1_174' title='bbox 1296 209 1460 251; x_wconf 76' lang='lat' dir='ltr'><strong>placitum,</strong></span> 
     </span>
     <span class='ocr_line' id='line_1_54' title="bbox 991 259 1422 299; baseline -0.005 -7"><span class='ocrx_word' id='word_1_175' title='bbox 991 259 1172 293; x_wconf 86' lang='lat' dir='ltr'><strong>Credantur</strong></span> <span class='ocrx_word' id='word_1_176' title='bbox 1196 263 1229 291; x_wconf 83' lang='lat' dir='ltr'><strong>et</strong></span> <span class='ocrx_word' id='word_1_177' title='bbox 1251 259 1422 299; x_wconf 84' lang='lat' dir='ltr'><strong>incognita,</strong></span> 
     </span>
     <span class='ocr_line' id='line_1_55' title="bbox 939 307 1403 349; baseline -0.006 -8"><span class='ocrx_word' id='word_1_178' title='bbox 939 308 985 341; x_wconf 77' lang='lat' dir='ltr'><strong>Et,</strong></span> <span class='ocrx_word' id='word_1_179' title='bbox 1007 308 1036 339; x_wconf 87' lang='lat' dir='ltr'><strong>si</strong></span> <span class='ocrx_word' id='word_1_180' title='bbox 1060 307 1207 340; x_wconf 83' lang='lat' dir='ltr'><strong>credenti</strong></span> <span class='ocrx_word' id='word_1_181' title='bbox 1230 307 1403 349; x_wconf 82' lang='lat' dir='ltr'><strong>cognitum,</strong></span> 
     </span>
     <span class='ocr_line' id='line_1_56' title="bbox 941 354 1420 388; baseline -0.004 -1"><span class='ocrx_word' id='word_1_182' title='bbox 941 355 1040 388; x_wconf 84' lang='lat' dir='ltr'><strong>Fides</strong></span> <span class='ocrx_word' id='word_1_183' title='bbox 1065 364 1129 387; x_wconf 89' lang='lat' dir='ltr'><strong>non</strong></span> <span class='ocrx_word' id='word_1_184' title='bbox 1153 354 1251 387; x_wconf 84' lang='lat' dir='ltr'><strong>habet</strong></span> <span class='ocrx_word' id='word_1_185' title='bbox 1271 354 1420 387; x_wconf 87' lang='lat' dir='ltr'><strong>meritum</strong></span> 
     </span>
     <span class='ocr_line' id='line_1_57' title="bbox 988 402 1379 443; baseline 0.003 -8"><span class='ocrx_word' id='word_1_186' title='bbox 988 403 1219 443; x_wconf 86' lang='lat' dir='ltr'><strong>Experimento</strong></span> <span class='ocrx_word' id='word_1_187' title='bbox 1246 402 1379 436; x_wconf 82' lang='lat' dir='ltr'><strong>credita.</strong></span> 
     </span>
    </p>
   </div>
   <div class='ocr_carea' id='block_1_21' title="bbox 940 488 1417 761">
    <p class='ocr_par' dir='ltr' id='par_1_32' title="bbox 940 488 1417 761">
     <span class='ocr_line' id='line_1_58' title="bbox 940 488 1359 529; baseline -0.002 -8"><span class='ocrx_word' id='word_1_188' title='bbox 940 488 1113 522; x_wconf 84' lang='lat' dir='ltr'><strong>Nobiscum</strong></span> <span class='ocrx_word' id='word_1_189' title='bbox 1139 488 1252 521; x_wconf 86' lang='lat' dir='ltr'><strong>foedus</strong></span> <span class='ocrx_word' id='word_1_190' title='bbox 1276 488 1359 529; x_wconf 85' lang='lat' dir='ltr'><strong>iniit,</strong></span> 
     </span>
     <span class='ocr_line' id='line_1_59' title="bbox 940 536 1417 577; baseline -0.004 -8"><span class='ocrx_word' id='word_1_191' title='bbox 940 536 1006 569; x_wconf 83' lang='lat' dir='ltr'><strong>Per</strong></span> <span class='ocrx_word' id='word_1_192' title='bbox 1031 545 1123 577; x_wconf 87' lang='lat' dir='ltr'><strong>quem</strong></span> <span class='ocrx_word' id='word_1_193' title='bbox 1151 539 1293 569; x_wconf 81' lang='lat' dir='ltr'><strong>vetustas</strong></span> <span class='ocrx_word' id='word_1_194' title='bbox 1317 536 1417 576; x_wconf 81' lang='lat' dir='ltr'><strong>periit</strong></span> 
     </span>
     <span class='ocr_line' id='line_1_60' title="bbox 990 584 1381 627; baseline -0.003 -11"><span class='ocrx_word' id='word_1_195' title='bbox 990 584 1092 617; x_wconf 89' lang='lat' dir='ltr'><strong>Actor</strong></span> <span class='ocrx_word' id='word_1_196' title='bbox 1116 584 1230 616; x_wconf 87' lang='lat' dir='ltr'><strong>aetatis</strong></span> <span class='ocrx_word' id='word_1_197' title='bbox 1255 592 1381 627; x_wconf 82' lang='lat' dir='ltr'><strong>aureae,</strong></span> 
     </span>
     <span class='ocr_line' id='line_1_61' title="bbox 943 632 1410 672; baseline -0.004 -7"><span class='ocrx_word' id='word_1_198' title='bbox 943 633 1011 665; x_wconf 87' lang='lat' dir='ltr'><strong>Iam</strong></span> <span class='ocrx_word' id='word_1_199' title='bbox 1037 633 1119 664; x_wconf 89' lang='lat' dir='ltr'><strong>enim</strong></span> <span class='ocrx_word' id='word_1_200' title='bbox 1144 632 1245 664; x_wconf 89' lang='lat' dir='ltr'><strong>hiems</strong></span> <span class='ocrx_word' id='word_1_201' title='bbox 1271 632 1410 672; x_wconf 86' lang='lat' dir='ltr'><strong>transiit,</strong></span> 
     </span>
     <span class='ocr_line' id='line_1_62' title="bbox 944 679 1382 718; baseline -0.002 -7"><span class='ocrx_word' id='word_1_202' title='bbox 944 680 1011 711; x_wconf 89' lang='lat' dir='ltr'><strong>Iam</strong></span> <span class='ocrx_word' id='word_1_203' title='bbox 1037 679 1086 711; x_wconf 92' lang='lat' dir='ltr'><strong>sol</strong></span> <span class='ocrx_word' id='word_1_204' title='bbox 1109 679 1249 711; x_wconf 81' lang='lat' dir='ltr'><strong>aestivus</strong></span> <span class='ocrx_word' id='word_1_205' title='bbox 1275 679 1382 718; x_wconf 86' lang='lat' dir='ltr'><strong>rediit,</strong></span> 
     </span>
     <span class='ocr_line' id='line_1_63' title="bbox 989 725 1403 761; baseline 0.007 -3"><span class='ocrx_word' id='word_1_206' title='bbox 989 726 1057 758; x_wconf 85' lang='lat' dir='ltr'><strong>Iam</strong></span> <span class='ocrx_word' id='word_1_207' title='bbox 1081 725 1258 759; x_wconf 89' lang='lat' dir='ltr'><strong>floruerunt</strong></span> <span class='ocrx_word' id='word_1_208' title='bbox 1281 726 1403 761; x_wconf 75' lang='lat' dir='ltr'><strong>vineae.</strong></span> 
     </span>
    </p>
   </div>
   <div class='ocr_carea' id='block_1_22' title="bbox 943 811 1454 1082">
    <p class='ocr_par' dir='ltr' id='par_1_33' title="bbox 943 811 1454 1082">
     <span class='ocr_line' id='line_1_64' title="bbox 946 811 1454 852; baseline 0 -8"><span class='ocrx_word' id='word_1_209' title='bbox 946 811 1040 851; x_wconf 91' lang='lat' dir='ltr'><strong>Dum,</strong></span> <span class='ocrx_word' id='word_1_210' title='bbox 1067 813 1152 851; x_wconf 88' lang='lat' dir='ltr'><strong>quod</strong></span> <span class='ocrx_word' id='word_1_211' title='bbox 1177 813 1211 844; x_wconf 86' lang='lat' dir='ltr'><strong>in</strong></span> <span class='ocrx_word' id='word_1_212' title='bbox 1235 813 1314 844; x_wconf 88' lang='lat' dir='ltr'><strong>orbe</strong></span> <span class='ocrx_word' id='word_1_213' title='bbox 1338 812 1454 852; x_wconf 84' lang='lat' dir='ltr'><strong>sonuit,</strong></span> 
     </span>
     <span class='ocr_line' id='line_1_65' title="bbox 943 859 1308 892; baseline -0.003 0"><span class='ocrx_word' id='word_1_214' title='bbox 943 859 1033 892; x_wconf 84' lang='lat' dir='ltr'><strong>Scire</strong></span> <span class='ocrx_word' id='word_1_215' title='bbox 1056 859 1179 892; x_wconf 82' lang='lat' dir='ltr'><strong>Iudaea</strong></span> <span class='ocrx_word' id='word_1_216' title='bbox 1202 861 1308 891; x_wconf 81' lang='lat' dir='ltr'><strong>renuit</strong></span> 
     </span>
     <span class='ocr_line' id='line_1_66' title="bbox 992 906 1353 947; baseline 0 -9"><span class='ocrx_word' id='word_1_217' title='bbox 992 906 1109 939; x_wconf 89' lang='lat' dir='ltr'><strong>Subole</strong></span> <span class='ocrx_word' id='word_1_218' title='bbox 1136 908 1176 939; x_wconf 89' lang='lat' dir='ltr'><strong>de</strong></span> <span class='ocrx_word' id='word_1_219' title='bbox 1201 907 1353 947; x_wconf 84' lang='lat' dir='ltr'><strong>virginea,</strong></span> 
     </span>
     <span class='ocr_line' id='line_1_67' title="bbox 943 953 1367 995; baseline -0.002 -9"><span class='ocrx_word' id='word_1_220' title='bbox 943 953 1044 986; x_wconf 86' lang='lat' dir='ltr'><strong>Nobis</strong></span> <span class='ocrx_word' id='word_1_221' title='bbox 1068 957 1218 995; x_wconf 86' lang='lat' dir='ltr'><strong>patenter</strong></span> <span class='ocrx_word' id='word_1_222' title='bbox 1243 955 1367 995; x_wconf 80' lang='lat' dir='ltr'><strong>claruit,</strong></span> 
     </span>
     <span class='ocr_line' id='line_1_68' title="bbox 946 1002 1420 1043; baseline 0.002 -10"><span class='ocrx_word' id='word_1_223' title='bbox 946 1002 1036 1041; x_wconf 80' lang='lat' dir='ltr'><strong>Quod</strong></span> <span class='ocrx_word' id='word_1_224' title='bbox 1062 1002 1163 1035; x_wconf 85' lang='lat' dir='ltr'><strong>vellus</strong></span> <span class='ocrx_word' id='word_1_225' title='bbox 1188 1011 1263 1034; x_wconf 91' lang='lat' dir='ltr'><strong>rore</strong></span> <span class='ocrx_word' id='word_1_226' title='bbox 1286 1003 1420 1043; x_wconf 84' lang='lat' dir='ltr'><strong>maduit,</strong></span> 
     </span>
     <span class='ocr_line' id='line_1_69' title="bbox 991 1049 1355 1082; baseline 0.005 -2"><span class='ocrx_word' id='word_1_227' title='bbox 991 1049 1114 1081; x_wconf 90' lang='lat' dir='ltr'><strong>Arente</strong></span> <span class='ocrx_word' id='word_1_228' title='bbox 1139 1053 1245 1082; x_wconf 89' lang='lat' dir='ltr'><strong>tamen</strong></span> <span class='ocrx_word' id='word_1_229' title='bbox 1270 1058 1355 1082; x_wconf 86' lang='lat' dir='ltr'><strong>area.</strong></span> 
     </span>
    </p>
   </div>
   <div class='ocr_carea' id='block_1_23' title="bbox 945 1124 1447 1404">
    <p class='ocr_par' dir='ltr' id='par_1_34' title="bbox 945 1124 1447 1404">
     <span class='ocr_line' id='line_1_70' title="bbox 946 1124 1447 1168; baseline 0.002 -12"><span class='ocrx_word' id='word_1_230' title='bbox 946 1124 1029 1157; x_wconf 90' lang='lat' dir='ltr'><strong>Dum</strong></span> <span class='ocrx_word' id='word_1_231' title='bbox 1056 1128 1158 1157; x_wconf 89' lang='lat' dir='ltr'><strong>mater</strong></span> <span class='ocrx_word' id='word_1_232' title='bbox 1180 1126 1269 1166; x_wconf 87' lang='lat' dir='ltr'><strong>virgo</strong></span> <span class='ocrx_word' id='word_1_233' title='bbox 1296 1127 1447 1168; x_wconf 87' lang='lat' dir='ltr'><strong>creditur,</strong></span> 
     </span>
     <span class='ocr_line' id='line_1_71' title="bbox 945 1171 1418 1213; baseline 0.006 -10"><span class='ocrx_word' id='word_1_234' title='bbox 945 1173 983 1204; x_wconf 86' lang='lat' dir='ltr'><strong>In</strong></span> <span class='ocrx_word' id='word_1_235' title='bbox 1009 1173 1089 1204; x_wconf 91' lang='lat' dir='ltr'><strong>rubo</strong></span> <span class='ocrx_word' id='word_1_236' title='bbox 1114 1171 1240 1205; x_wconf 87' lang='lat' dir='ltr'><strong>flamma</strong></span> <span class='ocrx_word' id='word_1_237' title='bbox 1267 1174 1418 1213; x_wconf 88' lang='lat' dir='ltr'><strong>cernitur,</strong></span> 
     </span>
     <span class='ocr_line' id='line_1_72' title="bbox 993 1219 1433 1261; baseline 0.005 -10"><span class='ocrx_word' id='word_1_238' title='bbox 993 1219 1063 1251; x_wconf 82' lang='lat' dir='ltr'><strong>Nec</strong></span> <span class='ocrx_word' id='word_1_239' title='bbox 1087 1220 1160 1252; x_wconf 92' lang='lat' dir='ltr'><strong>rubi</strong></span> <span class='ocrx_word' id='word_1_240' title='bbox 1184 1219 1222 1253; x_wconf 80' lang='lat' dir='ltr'><strong>fit</strong></span> <span class='ocrx_word' id='word_1_241' title='bbox 1247 1221 1433 1261; x_wconf 85' lang='lat' dir='ltr'><strong>combustio,</strong></span> 
     </span>
     <span class='ocr_line' id='line_1_73' title="bbox 947 1267 1402 1310; baseline 0.004 -12"><span class='ocrx_word' id='word_1_242' title='bbox 947 1267 1109 1307; x_wconf 81' lang='lat' dir='ltr'><strong>Quidquid</strong></span> <span class='ocrx_word' id='word_1_243' title='bbox 1132 1268 1250 1307; x_wconf 87' lang='lat' dir='ltr'><strong>ubique</strong></span> <span class='ocrx_word' id='word_1_244' title='bbox 1274 1269 1402 1310; x_wconf 86' lang='lat' dir='ltr'><strong>legitur,</strong></span> 
     </span>
     <span class='ocr_line' id='line_1_74' title="bbox 948 1314 1344 1358; baseline 0.005 -12"><span class='ocrx_word' id='word_1_245' title='bbox 948 1314 983 1346; x_wconf 87' lang='lat' dir='ltr'><strong>Si</strong></span> <span class='ocrx_word' id='word_1_246' title='bbox 1007 1315 1111 1346; x_wconf 89' lang='lat' dir='ltr'><strong>minus</strong></span> <span class='ocrx_word' id='word_1_247' title='bbox 1135 1316 1344 1358; x_wconf 82' lang='lat' dir='ltr'><strong>intellegitur,</strong></span> 
     </span>
     <span class='ocr_line' id='line_1_75' title="bbox 997 1362 1407 1404; baseline 0.002 -9"><span class='ocrx_word' id='word_1_248' title='bbox 997 1362 1140 1395; x_wconf 86' lang='lat' dir='ltr'><strong>Christus</strong></span> <span class='ocrx_word' id='word_1_249' title='bbox 1167 1366 1214 1395; x_wconf 86' lang='lat' dir='ltr'><strong>est</strong></span> <span class='ocrx_word' id='word_1_250' title='bbox 1240 1365 1407 1404; x_wconf 88' lang='lat' dir='ltr'><strong>expositio.</strong></span> 
     </span>
    </p>
   </div>
   <div class='ocr_carea' id='block_1_24' title="bbox 947 1438 1466 1719">
    <p class='ocr_par' dir='ltr' id='par_1_35' title="bbox 947 1438 1466 1719">
     <span class='ocr_line' id='line_1_76' title="bbox 947 1438 1442 1482; baseline 0.002 -11"><span class='ocrx_word' id='word_1_251' title='bbox 947 1438 1056 1482; x_wconf 77' lang='lat' dir='ltr'><strong>Virgo,</strong></span> <span class='ocrx_word' id='word_1_252' title='bbox 1084 1448 1166 1478; x_wconf 89' lang='lat' dir='ltr'><strong>quae</strong></span> <span class='ocrx_word' id='word_1_253' title='bbox 1190 1441 1281 1472; x_wconf 82' lang='lat' dir='ltr'><strong>tanta</strong></span> <span class='ocrx_word' id='word_1_254' title='bbox 1305 1449 1442 1479; x_wconf 82' lang='lat' dir='ltr'><strong>reseraS,</strong></span> 
     </span>
     <span class='ocr_line' id='line_1_77' title="bbox 947 1487 1466 1526; baseline 0.004 -10"><span class='ocrx_word' id='word_1_255' title='bbox 947 1487 1033 1526; x_wconf 76' lang='lat' dir='ltr'><strong>Quae</strong></span> <span class='ocrx_word' id='word_1_256' title='bbox 1056 1489 1176 1519; x_wconf 88' lang='lat' dir='ltr'><strong>terram</strong></span> <span class='ocrx_word' id='word_1_257' title='bbox 1202 1488 1290 1520; x_wconf 87' lang='lat' dir='ltr'><strong>caelo</strong></span> <span class='ocrx_word' id='word_1_258' title='bbox 1318 1487 1466 1520; x_wconf 84' lang='lat' dir='ltr'><strong>foederas</strong></span> 
     </span>
     <span class='ocr_line' id='line_1_78' title="bbox 996 1533 1457 1578; baseline 0.004 -13"><span class='ocrx_word' id='word_1_259' title='bbox 996 1533 1090 1566; x_wconf 85' lang='lat' dir='ltr'><strong>Omni</strong></span> <span class='ocrx_word' id='word_1_260' title='bbox 1113 1535 1301 1567; x_wconf 80' lang='lat' dir='ltr'><strong>mundatam</strong></span> <span class='ocrx_word' id='word_1_261' title='bbox 1325 1536 1457 1578; x_wconf 83' lang='lat' dir='ltr'><strong>scelere,</strong></span> 
     </span>
     <span class='ocr_line' id='line_1_79' title="bbox 950 1580 1396 1625; baseline 0.004 -12"><span class='ocrx_word' id='word_1_262' title='bbox 950 1580 1000 1613; x_wconf 85' lang='lat' dir='ltr'><strong>Ne</strong></span> <span class='ocrx_word' id='word_1_263' title='bbox 1024 1590 1132 1613; x_wconf 86' lang='lat' dir='ltr'><strong>servos</strong></span> <span class='ocrx_word' id='word_1_264' title='bbox 1157 1585 1228 1614; x_wconf 87' lang='lat' dir='ltr'><strong>tuos</strong></span> <span class='ocrx_word' id='word_1_265' title='bbox 1257 1584 1396 1625; x_wconf 86' lang='lat' dir='ltr'><strong>deseras,</strong></span> 
     </span>
     <span class='ocr_line' id='line_1_80' title="bbox 950 1628 1438 1663; baseline 0.008 -4"><span class='ocrx_word' id='word_1_266' title='bbox 950 1628 1013 1660; x_wconf 85' lang='lat' dir='ltr'><strong>Sed</strong></span> <span class='ocrx_word' id='word_1_267' title='bbox 1038 1632 1161 1661; x_wconf 83' lang='lat' dir='ltr'><strong>mentes</strong></span> <span class='ocrx_word' id='word_1_268' title='bbox 1186 1631 1279 1662; x_wconf 85' lang='lat' dir='ltr'><strong>trahe</strong></span> <span class='ocrx_word' id='word_1_269' title='bbox 1303 1631 1438 1663; x_wconf 88' lang='lat' dir='ltr'><strong>miseras</strong></span> 
     </span>
     <span class='ocr_line' id='line_1_81' title="bbox 996 1677 1458 1719; baseline 0.006 -11"><span class='ocrx_word' id='word_1_270' title='bbox 996 1677 1124 1709; x_wconf 83' lang='lat' dir='ltr'><strong>Peccati</strong></span> <span class='ocrx_word' id='word_1_271' title='bbox 1149 1686 1277 1718; x_wconf 89' lang='lat' dir='ltr'><strong>pressas</strong></span> <span class='ocrx_word' id='word_1_272' title='bbox 1303 1679 1458 1719; x_wconf 86' lang='lat' dir='ltr'><strong>pondere.</strong></span> 
     </span>
    </p>
   </div>
   <div class='ocr_carea' id='block_1_25' title="bbox 950 1753 1483 1986">
    <p class='ocr_par' dir='ltr' id='par_1_36' title="bbox 950 1753 1483 1986">
     <span class='ocr_line' id='line_1_82' title="bbox 950 1753 1377 1796; baseline 0.005 -10"><span class='ocrx_word' id='word_1_273' title='bbox 950 1753 1118 1795; x_wconf 85' lang='lat' dir='ltr'><strong>Succurre,</strong></span> <span class='ocrx_word' id='word_1_274' title='bbox 1144 1756 1209 1795; x_wconf 83' lang='lat' dir='ltr'><strong>pia,</strong></span> <span class='ocrx_word' id='word_1_275' title='bbox 1238 1757 1377 1796; x_wconf 83' lang='lat' dir='ltr'><strong>miseris,</strong></span> 
     </span>
     <span class='ocr_line' id='line_1_83' title="bbox 950 1802 1340 1843; baseline 0.01 -11"><span class='ocrx_word' id='word_1_276' title='bbox 950 1802 1061 1834; x_wconf 88' lang='lat' dir='ltr'><strong>Perire</strong></span> <span class='ocrx_word' id='word_1_277' title='bbox 1090 1811 1129 1834; x_wconf 89' lang='lat' dir='ltr'><strong>ne</strong></span> <span class='ocrx_word' id='word_1_278' title='bbox 1153 1804 1340 1843; x_wconf 88' lang='lat' dir='ltr'><strong>permiseris</strong></span> 
     </span>
     <span class='ocr_line' id='line_1_84' title="bbox 997 1849 1483 1893; baseline 0.004 -12"><span class='ocrx_word' id='word_1_279' title='bbox 997 1849 1113 1882; x_wconf 87' lang='lat' dir='ltr'><strong>Mundi</strong></span> <span class='ocrx_word' id='word_1_280' title='bbox 1128 1851 1310 1883; x_wconf 90' lang='lat' dir='ltr'><strong>commissos</strong></span> <span class='ocrx_word' id='word_1_281' title='bbox 1324 1850 1483 1893; x_wconf 66' lang='lat' dir='ltr'><strong>fiuctibus,</strong></span> 
     </span>
     <span class='ocr_line' id='line_1_85' title="bbox 951 1896 1413 1937; baseline 0.006 -9"><span class='ocrx_word' id='word_1_282' title='bbox 951 1896 1016 1928; x_wconf 87' lang='lat' dir='ltr'><strong>Sed</strong></span> <span class='ocrx_word' id='word_1_283' title='bbox 1042 1900 1246 1937; x_wconf 85' lang='lat' dir='ltr'><strong>corruptores</strong></span> <span class='ocrx_word' id='word_1_284' title='bbox 1271 1898 1413 1932; x_wconf 84' lang='lat' dir='ltr'><strong>foederis</strong></span> 
     </span>
     <span class='ocr_line' id='line_1_86' title="bbox 951 1942 1321 1986; baseline 0.011 -10"><span class='ocrx_word' id='word_1_285' title='bbox 951 1942 1171 1976; x_wconf 84' lang='lat' dir='ltr'><strong>Refoederare</strong></span> <span class='ocrx_word' id='word_1_286' title='bbox 1196 1948 1321 1986; x_wconf 87' lang='lat' dir='ltr'><strong>superis</strong></span> 
     </span>
    </p>
   </div>
   <div class='ocr_carea' id='block_1_26' title="bbox 1000 1992 1421 2035">
    <p class='ocr_par' dir='ltr' id='par_1_37' title="bbox 1000 1992 1421 2035">
     <span class='ocr_line' id='line_1_87' title="bbox 1000 1992 1421 2035; baseline 0.014 -12"><span class='ocrx_word' id='word_1_287' title='bbox 1000 1992 1077 2024; x_wconf 79' lang='lat' dir='ltr'><strong>Tuis</strong></span> <span class='ocrx_word' id='word_1_288' title='bbox 1105 1993 1238 2033; x_wconf 85' lang='lat' dir='ltr'><strong>dignare</strong></span> <span class='ocrx_word' id='word_1_289' title='bbox 1258 1995 1421 2035; x_wconf 77' lang='lat' dir='ltr'><strong>precibus</strong></span> 
     </span>
    </p>
   </div>
   <div class='ocr_carea' id='block_1_27' title="bbox 951 2067 1485 2398">
    <p class='ocr_par' dir='ltr' id='par_1_38' title="bbox 951 2067 1485 2398">
     <span class='ocr_line' id='line_1_88' title="bbox 954 2067 1404 2115; baseline 0.018 -17"><span class='ocrx_word' id='word_1_290' title='bbox 954 2067 1073 2113; x_wconf 85' lang='lat' dir='ltr'><strong>Clama,</strong></span> <span class='ocrx_word' id='word_1_291' title='bbox 1100 2071 1241 2103; x_wconf 87' lang='lat' dir='ltr'><strong>reclama</strong></span> <span class='ocrx_word' id='word_1_292' title='bbox 1265 2073 1404 2115; x_wconf 90' lang='lat' dir='ltr'><strong>saepius,</strong></span> 
     </span>
     <span class='ocr_line' id='line_1_89' title="bbox 951 2115 1276 2161; baseline 0.012 -13"><span class='ocrx_word' id='word_1_293' title='bbox 951 2115 1061 2149; x_wconf 84' lang='lat' dir='ltr'><strong>Clama</strong></span> <span class='ocrx_word' id='word_1_294' title='bbox 1085 2115 1276 2161; x_wconf 80' lang='lat' dir='ltr'><strong>fiducialius,</strong></span> 
     </span>
     <span class='ocr_line' id='line_1_90' title="bbox 1001 2163 1485 2213; baseline 0.014 -17"><span class='ocrx_word' id='word_1_295' title='bbox 1001 2163 1091 2203; x_wconf 78' lang='lat' dir='ltr'><strong>Quod</strong></span> <span class='ocrx_word' id='word_1_296' title='bbox 1116 2166 1190 2199; x_wconf 87' lang='lat' dir='ltr'><strong>vino</strong></span> <span class='ocrx_word' id='word_1_297' title='bbox 1209 2171 1320 2201; x_wconf 87' lang='lat' dir='ltr'><strong>carent</strong></span> <span class='ocrx_word' id='word_1_298' title='bbox 1338 2170 1485 2213; x_wconf 63' lang='lat' dir='ltr'><strong>nuptiae,</strong></span> 
     </span>
     <span class='ocr_line' id='line_1_91' title="bbox 952 2210 1485 2260; baseline 0.013 -17"><span class='ocrx_word' id='word_1_299' title='bbox 952 2210 1046 2255; x_wconf 80' lang='lat' dir='ltr'><strong>Nam,</strong></span> <span class='ocrx_word' id='word_1_300' title='bbox 1073 2213 1231 2255; x_wconf 83' lang='lat' dir='ltr'><strong>quidquid</strong></span> <span class='ocrx_word' id='word_1_301' title='bbox 1249 2225 1393 2260; x_wconf 83' lang='lat' dir='ltr'><strong>quaeres,</strong></span> <span class='ocrx_word' id='word_1_302' title='bbox 1419 2228 1485 2252; x_wconf 77' lang='lat' dir='ltr'><strong>am-</strong></span> 
     </span>
     <span class='ocr_line' id='line_1_92' title="bbox 1258 2265 1344 2304; baseline 0.012 -8"><span class='ocrx_word' id='word_1_303' title='bbox 1258 2265 1344 2304; x_wconf 90' lang='lat' dir='ltr'><strong>plius</strong></span> 
     </span>
     <span class='ocr_line' id='line_1_93' title="bbox 953 2307 1385 2358; baseline 0.014 -18"><span class='ocrx_word' id='word_1_304' title='bbox 953 2307 1024 2340; x_wconf 92' lang='lat' dir='ltr'><strong>Hoc</strong></span> <span class='ocrx_word' id='word_1_305' title='bbox 1053 2308 1144 2342; x_wconf 83' lang='lat' dir='ltr'><strong>dabit</strong></span> <span class='ocrx_word' id='word_1_306' title='bbox 1167 2312 1263 2342; x_wconf 86' lang='lat' dir='ltr'><strong>matri</strong></span> <span class='ocrx_word' id='word_1_307' title='bbox 1287 2312 1385 2358; x_wconf 87' lang='lat' dir='ltr'><strong>filius,</strong></span> 
     </span>
     <span class='ocr_line' id='line_1_94' title="bbox 1001 2356 1425 2398; baseline 0.021 -10"><span class='ocrx_word' id='word_1_308' title='bbox 1001 2356 1073 2389; x_wconf 85' lang='lat' dir='ltr'><strong>Hoc</strong></span> <span class='ocrx_word' id='word_1_309' title='bbox 1099 2357 1190 2389; x_wconf 85' lang='lat' dir='ltr'><strong>dabit</strong></span> <span class='ocrx_word' id='word_1_310' title='bbox 1213 2363 1307 2398; x_wconf 84' lang='lat' dir='ltr'><strong>pater</strong></span> <span class='ocrx_word' id='word_1_311' title='bbox 1332 2361 1425 2398; x_wconf 87' lang='lat' dir='ltr'><strong>filiae.</strong></span> 
     </span>
    </p>
   </div>
  </div>
 </body>
</html>
