1651 2606
196 179 251 213 59.

193 568 247 601 60.

186 955 241 988 61.

188 1439 243 1471 65.

190 1827 244 1860 66.

195 2218 249 2251 67.

278 179 302 212 O
327 179 480 212 immensa
504 180 641 220 gravitas

323 229 355 259 et
379 228 560 267 anxietudo,

276 275 383 307 Poena
406 274 573 306 ineffabilis

323 325 355 353 et
378 322 564 364 amaritudo,

275 370 429 408 Quantum
454 368 571 408 pressit
595 366 703 399 ambos
729 373 785 397 nos

322 417 399 448 baec
422 414 614 453 vicissitudo,

273 464 355 503 Quos
379 461 619 495 inaestimabilis

319 510 447 541 strinxit
470 509 638 549 gratitudo.

273 568 338 600 Iam
363 566 456 598 morti
482 566 707 606 adproximans

315 612 440 645 flentem
464 622 514 645 me
539 614 673 654 vocavit,

268 661 439 694 Iohannem
464 661 497 692 in
521 660 621 692 filium

314 708 392 739 mibi
413 708 583 749 ordinavit,

269 755 324 788 Me
346 756 380 787 in
404 758 537 787 matrem
561 756 684 796 pariter

317 803 365 834 illi
390 804 630 844 commendavit,

267 850 348 891 Heu,
377 851 495 883 doloris
520 852 644 892 gladius

315 906 365 929 me
391 901 466 930 tunc
490 898 676 938 perforavit.

268 954 459 987 Semivivum
484 955 662 997 Dominum,

312 1003 384 1042 heu,
407 1003 621 1043 audiebamus,

267 1048 368 1089 Loqui
392 1059 451 1090 pro
473 1051 631 1083 maestitia

313 1096 393 1128 nihil
417 1098 608 1139 valebamus,

267 1143 371 1176 Iesum
395 1153 478 1184 pene
501 1149 658 1178 mortuum

315 1190 375 1223 fari
400 1192 594 1234 videbamus,

267 1238 474 1279 Respondere
498 1241 630 1282 aliquid,

314 1287 385 1329 heu,
410 1296 473 1319 non
499 1291 690 1329 poteramus.

270 1438 294 1470 O
320 1438 557 1472 misericordiae

314 1486 484 1518 immensae
509 1489 642 1530 repleta,

267 1532 352 1565 Laus
378 1536 410 1565 et
433 1534 533 1566 honor
556 1536 616 1568 tibi
641 1538 692 1577 sit,

314 1583 425 1621 mater,
451 1582 519 1613 sine
543 1586 637 1626 meta,

270 1627 390 1667 Omnia,
418 1638 497 1669 quae
521 1629 607 1663 facta
630 1635 713 1673 sunt,

315 1678 391 1707 nota
416 1679 447 1707 et
471 1681 605 1719 secreta,

269 1721 342 1753 Tibi
366 1724 491 1756 solvant
514 1726 656 1769 gratiam,

318 1770 406 1810 virgo
432 1780 544 1804 nomen
569 1773 645 1807 feta.

271 1827 338 1859 Iam
363 1827 485 1860 orbaris
509 1830 648 1863 lacrimis

316 1883 375 1915 per
400 1878 657 1919 compassionem,

270 1922 371 1961 Cogor
394 1922 624 1964 interrumpere

316 1972 404 2000 tuum
429 1970 511 2002 hunc
535 1981 719 2013 sermonem,

271 2016 452 2049 Gratiarum
478 2019 613 2051 reddere

318 2064 378 2096 tibi
403 2065 559 2097 actionem

271 2112 316 2144 Et
341 2115 426 2144 tuam
452 2114 604 2146 extollere

319 2160 564 2194 miserationem.

276 2217 301 2250 O
327 2226 397 2249 mea
421 2217 538 2250 fiducia

316 2268 418 2297 mater
438 2266 500 2298 Dei
524 2267 600 2307 veri,

271 2313 333 2345 Per
359 2316 391 2345 te
416 2323 471 2346 oro
494 2314 611 2355 iugiter

316 2361 357 2393 ad
383 2361 466 2394 bona
489 2363 595 2403 urgeri

800 82 865 116 162

792 1376 847 1409 IV.

869 179 924 210 62.
950 177 1019 218 Ego
1047 175 1153 209 cordis
1177 175 1311 208 iubilum

867 568 922 600 63.

863 959 917 991 64.

866 1645 920 1678 68.

864 2035 919 2067 69.

997 224 1060 255 mei
1083 223 1269 256 amittebam

949 271 993 303 Et
1017 272 1050 303 in
1075 271 1192 303 multas
1217 270 1367 302 lacrimas

996 321 1064 351 tota
1090 316 1277 358 defluebam,

951 366 1057 398 Vitam
1082 374 1171 398 meae
1194 366 1321 398 animae

996 414 1086 446 obire
1110 413 1268 452 videbam,

949 462 1002 494 Sic
1025 463 1137 502 poenis
1161 461 1345 502 ingentibus

993 512 1069 542 tunc
1093 508 1305 552 liquefiebam.

949 567 1032 599 Nam
1057 568 1119 600 sibi
1145 567 1324 600 humanitas

996 615 1288 658 derelinquebatur,

946 663 1035 694 Tunc
1059 666 1128 696 tota
1151 672 1211 695 nec
1236 663 1339 695 deitas

994 711 1222 752 opitulabatur,

948 758 1066 791 Verum
1092 762 1123 791 et
1147 759 1312 798 passibilis

992 806 1088 838 valde
1110 806 1309 839 reddebatur

945 853 990 885 Et
1018 853 1103 897 „Gur
1128 854 1285 895 reliquisti
1309 864 1370 896 me,

992 900 1124 933 Deus?“
1153 902 1352 943 loquebatur.

943 959 1070 999 Anima,
1098 960 1125 991 si
1150 960 1289 992 rumines

990 1007 1044 1046 pie
1069 1007 1153 1039 hunc
1179 1008 1331 1053 dolorem,

945 1054 1129 1087 Possidebis
1158 1053 1295 1088 forsitan

992 1102 1195 1135 lacrimarum
1220 1113 1335 1147 rorem,

942 1150 987 1182 Et
1010 1150 1039 1182 si
1063 1153 1099 1182 tu
1124 1149 1240 1183 devota
1264 1152 1310 1184 sis

993 1198 1122 1238 cupiens
1148 1198 1312 1243 honorem,

944 1245 1106 1278 Meditare
1131 1247 1258 1287 saepius

992 1293 1075 1325 hunc
1099 1303 1203 1326 meum
1227 1304 1414 1330 maerorem.

944 1445 989 1477 Et
1013 1455 1033 1477 a
1057 1448 1149 1479 malis
1175 1449 1320 1481 omnibus

991 1502 1050 1533 per
1075 1498 1107 1526 te
1133 1495 1277 1528 cohiberi

944 1541 1083 1582 Tuisque
1107 1543 1272 1576 doloribus

991 1598 1117 1630 semper
1142 1591 1323 1632 adimpleri.

947 1645 1077 1679 Utinam
1104 1657 1174 1680 cum
1199 1649 1340 1683 lacrimis

995 1704 1119 1734 possem
1147 1705 1231 1729 nunc
1255 1699 1364 1740 rugire

944 1741 988 1773 Et
1012 1752 1070 1782 pro
1095 1747 1137 1785 te,
1165 1753 1183 1775 o
1210 1745 1348 1790 domina,

993 1790 1130 1824 dolendo
1156 1791 1255 1832 obire,

942 1837 1066 1870 Poenas
1090 1842 1161 1871 tuas
1187 1849 1314 1881 semper
1336 1853 1397 1884 me,

992 1890 1078 1928 peto,
1105 1886 1157 1919 fac
1183 1889 1312 1930 sentire,

945 1932 1053 1964 Meum
1079 1943 1133 1966 cor
1159 1934 1364 1971 durissimum

993 1980 1133 2021 digneris
1159 1983 1294 2017 mollire.

945 2036 1027 2080 Heu,
1054 2047 1152 2078 quare
1175 2044 1249 2080 post
1273 2042 1384 2087 filium,

996 2085 1131 2128 domina,
1158 2088 1253 2121 abisti

947 2131 989 2163 Et
1014 2141 1070 2165 cur
1094 2136 1137 2168 ad
1162 2136 1330 2172 Calvariae

993 2180 1099 2214 locum
1124 2184 1275 2218 exivisti?

948 2227 1051 2266 Quare
1075 2231 1219 2264 solitarie

995 2276 1079 2308 domi
1102 2286 1168 2311 non
1192 2282 1362 2315 mansisti?

947 2321 1119 2365 Fortassis,
1145 2329 1181 2357 ut
1204 2328 1239 2359 in
1264 2334 1366 2363 morte

994 2372 1162 2410 perimaris
1189 2375 1333 2409 Christi?
