<?xml version="1.0" encoding="UTF-8"?>
<!DOCTYPE html PUBLIC "-//W3C//DTD XHTML 1.0 Transitional//EN"
    "http://www.w3.org/TR/xhtml1/DTD/xhtml1-transitional.dtd">
<html xmlns="http://www.w3.org/1999/xhtml" xml:lang="en" lang="en">
 <head>
  <title>
</title>
<meta http-equiv="Content-Type" content="text/html;charset=utf-8" />
  <meta name='ocr-system' content='tesseract 3.04.00' />
  <meta name='ocr-capabilities' content='ocr_page ocr_carea ocr_par ocr_line ocrx_word'/>
</head>
<body>
  <div class='ocr_page' id='page_1' title='image "./analectahymnica31drevuoft_00081.png"; bbox 0 0 1651 2606; ppageno 0'>
   <div class='ocr_carea' id='block_1_1' title="bbox 190 192 244 225">
    <p class='ocr_par' dir='ltr' id='par_1_1' title="bbox 190 192 244 225">
     <span class='ocr_line' id='line_1_1' title="bbox 190 192 244 225; baseline -0.037 0"><span class='ocrx_word' id='word_1_1' title='bbox 190 192 244 225; x_wconf 82' lang='lat'>17.</span> 
     </span>
    </p>
   </div>
   <div class='ocr_carea' id='block_1_2' title="bbox 192 522 246 556">
    <p class='ocr_par' dir='ltr' id='par_1_2' title="bbox 192 522 246 556">
     <span class='ocr_line' id='line_1_2' title="bbox 192 522 246 556; baseline 0 -1"><span class='ocrx_word' id='word_1_2' title='bbox 192 522 246 556; x_wconf 81' lang='lat'>18.</span> 
     </span>
    </p>
   </div>
   <div class='ocr_carea' id='block_1_3' title="bbox 190 842 244 874">
    <p class='ocr_par' dir='ltr' id='par_1_3' title="bbox 190 842 244 874">
     <span class='ocr_line' id='line_1_3' title="bbox 190 842 244 874; baseline 0 0"><span class='ocrx_word' id='word_1_3' title='bbox 190 842 244 874; x_wconf 88' lang='grc'>19.</span> 
     </span>
    </p>
   </div>
   <div class='ocr_carea' id='block_1_4' title="bbox 189 1164 244 1196">
    <p class='ocr_par' dir='ltr' id='par_1_4' title="bbox 189 1164 244 1196">
     <span class='ocr_line' id='line_1_4' title="bbox 189 1164 244 1196; baseline -0.018 0"><span class='ocrx_word' id='word_1_4' title='bbox 189 1164 244 1196; x_wconf 86' lang='lat'>20.</span> 
     </span>
    </p>
   </div>
   <div class='ocr_carea' id='block_1_5' title="bbox 196 1485 249 1516">
    <p class='ocr_par' dir='ltr' id='par_1_5' title="bbox 196 1485 249 1516">
     <span class='ocr_line' id='line_1_5' title="bbox 196 1485 249 1516; baseline 0 0"><span class='ocrx_word' id='word_1_5' title='bbox 196 1485 249 1516; x_wconf 87' lang='lat'>21.</span> 
     </span>
    </p>
   </div>
   <div class='ocr_carea' id='block_1_6' title="bbox 194 2127 249 2160">
    <p class='ocr_par' dir='ltr' id='par_1_6' title="bbox 194 2127 249 2160">
     <span class='ocr_line' id='line_1_6' title="bbox 194 2127 249 2160; baseline 0 -1"><span class='ocrx_word' id='word_1_6' title='bbox 194 2127 249 2160; x_wconf 85' lang='lat'>23.</span> 
     </span>
    </p>
   </div>
   <div class='ocr_carea' id='block_1_7' title="bbox 708 89 942 125">
    <p class='ocr_par' dir='ltr' id='par_1_7' title="bbox 708 89 942 125">
     <span class='ocr_line' id='line_1_7' title="bbox 708 89 942 125; baseline -0.013 -8"><span class='ocrx_word' id='word_1_7' title='bbox 708 89 942 125; x_wconf 68' lang='lat'>-78—</span> 
     </span>
    </p>
   </div>
   <div class='ocr_carea' id='block_1_8' title="bbox 271 191 797 461">
    <p class='ocr_par' dir='ltr' id='par_1_8' title="bbox 271 191 705 279">
     <span class='ocr_line' id='line_1_8' title="bbox 271 191 639 230; baseline -0.008 -5"><span class='ocrx_word' id='word_1_8' title='bbox 271 191 339 225; x_wconf 88' lang='lat' dir='ltr'>Alii</span> <span class='ocrx_word' id='word_1_9' title='bbox 366 194 398 223; x_wconf 90' lang='lat' dir='ltr'>et</span> <span class='ocrx_word' id='word_1_10' title='bbox 423 191 639 230; x_wconf 77' lang='lat' dir='ltr'>conspuebant</span> 
     </span>
     <span class='ocr_line' id='line_1_9' title="bbox 316 237 705 279; baseline -0.01 -7"><span class='ocrx_word' id='word_1_11' title='bbox 316 239 412 272; x_wconf 79' lang='lat' dir='ltr'>Hunc</span> <span class='ocrx_word' id='word_1_12' title='bbox 439 248 509 271; x_wconf 87' lang='lat' dir='ltr'>cum</span> <span class='ocrx_word' id='word_1_13' title='bbox 533 237 705 279; x_wconf 77' lang='lat' dir='ltr'>ignominia</span> 
     </span>
    </p>

    <p class='ocr_par' dir='ltr' id='par_1_9' title="bbox 272 283 797 372">
     <span class='ocr_line' id='line_1_10' title="bbox 272 283 797 321; baseline -0.01 -3"><span class='ocrx_word' id='word_1_14' title='bbox 272 286 341 318; x_wconf 86' lang='lat' dir='ltr'>Nec</span> <span class='ocrx_word' id='word_1_15' title='bbox 365 286 406 318; x_wconf 88' lang='lat' dir='ltr'>ad</span> <span class='ocrx_word' id='word_1_16' title='bbox 432 288 568 318; x_wconf 85' lang='lat' dir='ltr'><strong>mentem</strong></span> <span class='ocrx_word' id='word_1_17' title='bbox 593 283 797 321; x_wconf 83' lang='lat' dir='ltr'>reducebant,</span> 
     </span>
     <span class='ocr_line' id='line_1_11' title="bbox 319 331 708 372; baseline -0.01 -6"><span class='ocrx_word' id='word_1_18' title='bbox 319 334 405 372; x_wconf 83' lang='lat' dir='ltr'>Quae</span> <span class='ocrx_word' id='word_1_19' title='bbox 430 334 515 371; x_wconf 85' lang='lat' dir='ltr'>fecit,</span> <span class='ocrx_word' id='word_1_20' title='bbox 542 331 708 372; x_wconf 87' lang='lat' dir='ltr'>magnalia,</span> 
     </span>
    </p>

    <p class='ocr_par' dir='ltr' id='par_1_10' title="bbox 272 378 761 461">
     <span class='ocr_line' id='line_1_12' title="bbox 272 378 761 421; baseline -0.01 -8"><span class='ocrx_word' id='word_1_21' title='bbox 272 381 319 414; x_wconf 92' lang='lat' dir='ltr'>Ob</span> <span class='ocrx_word' id='word_1_22' title='bbox 346 390 426 421; x_wconf 87' lang='lat' dir='ltr'>quae</span> <span class='ocrx_word' id='word_1_23' title='bbox 448 384 484 413; x_wconf 91' lang='lat' dir='ltr'>ut</span> <span class='ocrx_word' id='word_1_24' title='bbox 507 380 574 412; x_wconf 91' lang='lat' dir='ltr'>Deo</span> <span class='ocrx_word' id='word_1_25' title='bbox 602 378 761 411; x_wconf 75' lang='lat' dir='ltr'>debebant</span> 
     </span>
     <span class='ocr_line' id='line_1_13' title="bbox 317 427 582 461; baseline 0.004 -1"><span class='ocrx_word' id='word_1_26' title='bbox 317 429 391 460; x_wconf 85' lang='lat' dir='ltr'>1ure</span> <span class='ocrx_word' id='word_1_27' title='bbox 415 427 582 461; x_wconf 89' lang='lat' dir='ltr'>sacrificia.</span> 
     </span>
    </p>
   </div>
   <div class='ocr_carea' id='block_1_9' title="bbox 271 520 772 790">
    <p class='ocr_par' dir='ltr' id='par_1_11' title="bbox 271 520 714 601">
     <span class='ocr_line' id='line_1_14' title="bbox 271 520 714 561; baseline -0.007 -8"><span class='ocrx_word' id='word_1_28' title='bbox 271 522 325 554; x_wconf 87' lang='lat' dir='ltr'>Sic</span> <span class='ocrx_word' id='word_1_29' title='bbox 350 524 381 553; x_wconf 82' lang='lat' dir='ltr'>et,</span> <span class='ocrx_word' id='word_1_30' title='bbox 406 522 531 561; x_wconf 83' lang='lat' dir='ltr'>quidam</span> <span class='ocrx_word' id='word_1_31' title='bbox 556 520 714 560; x_wconf 86' lang='lat' dir='ltr'>indignati</span> 
     </span>
     <span class='ocr_line' id='line_1_15' title="bbox 316 566 661 601; baseline -0.006 -1"><span class='ocrx_word' id='word_1_32' title='bbox 316 569 393 601; x_wconf 90' lang='lat' dir='ltr'>Eius</span> <span class='ocrx_word' id='word_1_33' title='bbox 421 569 498 600; x_wconf 88' lang='lat' dir='ltr'>dant</span> <span class='ocrx_word' id='word_1_34' title='bbox 521 567 553 598; x_wconf 89' lang='lat' dir='ltr'>in</span> <span class='ocrx_word' id='word_1_35' title='bbox 579 566 661 599; x_wconf 85' lang='lat' dir='ltr'>facie</span> 
     </span>
    </p>

    <p class='ocr_par' dir='ltr' id='par_1_12' title="bbox 272 611 772 694">
     <span class='ocr_line' id='line_1_16' title="bbox 272 611 772 657; baseline -0.006 -9"><span class='ocrx_word' id='word_1_36' title='bbox 272 616 407 657; x_wconf 88' lang='lat' dir='ltr'>Palmas,</span> <span class='ocrx_word' id='word_1_37' title='bbox 435 623 526 655; x_wconf 88' lang='lat' dir='ltr'>quam</span> <span class='ocrx_word' id='word_1_38' title='bbox 552 624 660 647; x_wconf 87' lang='lat' dir='ltr'>omnes</span> <span class='ocrx_word' id='word_1_39' title='bbox 687 611 772 646; x_wconf 80' lang='lat' dir='ltr'>beati</span> 
     </span>
     <span class='ocr_line' id='line_1_17' title="bbox 316 662 629 694; baseline -0.003 0"><span class='ocrx_word' id='word_1_40' title='bbox 316 663 434 694; x_wconf 84' lang='lat' dir='ltr'>Amant</span> <span class='ocrx_word' id='word_1_41' title='bbox 457 663 525 694; x_wconf 87' lang='lat' dir='ltr'>sine</span> <span class='ocrx_word' id='word_1_42' title='bbox 549 662 629 693; x_wconf 86' lang='lat' dir='ltr'>satie</span> 
     </span>
    </p>

    <p class='ocr_par' dir='ltr' id='par_1_13' title="bbox 272 709 742 790">
     <span class='ocr_line' id='line_1_18' title="bbox 272 709 742 750; baseline -0.004 -9"><span class='ocrx_word' id='word_1_43' title='bbox 272 710 398 750; x_wconf 90' lang='lat' dir='ltr'>Videre,</span> <span class='ocrx_word' id='word_1_44' title='bbox 426 718 516 749; x_wconf 83' lang='lat' dir='ltr'>quam</span> <span class='ocrx_word' id='word_1_45' title='bbox 544 712 577 740; x_wconf 88' lang='lat' dir='ltr'>et</span> <span class='ocrx_word' id='word_1_46' title='bbox 602 709 742 741; x_wconf 86' lang='lat' dir='ltr'>damnati</span> 
     </span>
     <span class='ocr_line' id='line_1_19' title="bbox 319 757 700 790; baseline -0.003 0"><span class='ocrx_word' id='word_1_47' title='bbox 319 757 574 790; x_wconf 87' lang='lat' dir='ltr'>Contremiscunt</span> <span class='ocrx_word' id='word_1_48' title='bbox 598 757 700 789; x_wconf 88' lang='lat' dir='ltr'>anxie.</span> 
     </span>
    </p>
   </div>
   <div class='ocr_carea' id='block_1_10' title="bbox 271 842 751 1119">
    <p class='ocr_par' dir='ltr' id='par_1_14' title="bbox 271 842 685 930">
     <span class='ocr_line' id='line_1_20' title="bbox 271 842 685 883; baseline 0.002 -10"><span class='ocrx_word' id='word_1_49' title='bbox 271 842 337 873; x_wconf 89' lang='lat' dir='ltr'>Alii</span> <span class='ocrx_word' id='word_1_50' title='bbox 363 845 540 883; x_wconf 87' lang='lat' dir='ltr'>conspuunt</span> <span class='ocrx_word' id='word_1_51' title='bbox 564 843 685 874; x_wconf 89' lang='lat' dir='ltr'>vultum</span> 
     </span>
     <span class='ocr_line' id='line_1_21' title="bbox 319 890 664 930; baseline 0 -9"><span class='ocrx_word' id='word_1_52' title='bbox 319 890 450 922; x_wconf 89' lang='lat' dir='ltr'>Plenum</span> <span class='ocrx_word' id='word_1_53' title='bbox 475 890 664 930; x_wconf 85' lang='lat' dir='ltr'>reverentia,</span> 
     </span>
    </p>

    <p class='ocr_par' dir='ltr' id='par_1_15' title="bbox 272 937 751 1027">
     <span class='ocr_line' id='line_1_22' title="bbox 272 937 751 976; baseline 0.002 -8"><span class='ocrx_word' id='word_1_54' title='bbox 272 937 369 976; x_wconf 80' lang='lat' dir='ltr'>Quem</span> <span class='ocrx_word' id='word_1_55' title='bbox 401 938 594 969; x_wconf 82' lang='lat' dir='ltr'>desideravit</span> <span class='ocrx_word' id='word_1_56' title='bbox 619 938 751 969; x_wconf 90' lang='lat' dir='ltr'>multum</span> 
     </span>
     <span class='ocr_line' id='line_1_23' title="bbox 316 984 725 1027; baseline 0 -11"><span class='ocrx_word' id='word_1_57' title='bbox 316 984 423 1017; x_wconf 89' lang='lat' dir='ltr'>David</span> <span class='ocrx_word' id='word_1_58' title='bbox 448 994 515 1027; x_wconf 82' lang='lat' dir='ltr'>rex,</span> <span class='ocrx_word' id='word_1_59' title='bbox 542 985 599 1017; x_wconf 92' lang='lat' dir='ltr'>sed</span> <span class='ocrx_word' id='word_1_60' title='bbox 623 985 725 1016; x_wconf 83' lang='lat' dir='ltr'>inscia</span> 
     </span>
    </p>

    <p class='ocr_par' dir='ltr' id='par_1_16' title="bbox 271 1031 726 1119">
     <span class='ocr_line' id='line_1_24' title="bbox 271 1031 726 1072; baseline 0.002 -10"><span class='ocrx_word' id='word_1_61' title='bbox 271 1031 379 1063; x_wconf 88' lang='lat' dir='ltr'>Turba</span> <span class='ocrx_word' id='word_1_62' title='bbox 404 1033 489 1065; x_wconf 89' lang='lat' dir='ltr'>velat</span> <span class='ocrx_word' id='word_1_63' title='bbox 512 1034 548 1063; x_wconf 90' lang='lat' dir='ltr'>ut</span> <span class='ocrx_word' id='word_1_64' title='bbox 569 1033 726 1072; x_wconf 87' lang='lat' dir='ltr'>sepultum</span> 
     </span>
     <span class='ocr_line' id='line_1_25' title="bbox 316 1079 695 1119; baseline 0.005 -9"><span class='ocrx_word' id='word_1_65' title='bbox 316 1079 361 1110; x_wconf 90' lang='lat' dir='ltr'>Et</span> <span class='ocrx_word' id='word_1_66' title='bbox 387 1080 512 1119; x_wconf 86' lang='lat' dir='ltr'>lapsum</span> <span class='ocrx_word' id='word_1_67' title='bbox 536 1080 695 1112; x_wconf 88' lang='lat' dir='ltr'>memoria.</span> 
     </span>
    </p>
   </div>
   <div class='ocr_carea' id='block_1_11' title="bbox 269 1163 779 1441">
    <p class='ocr_par' dir='ltr' id='par_1_17' title="bbox 269 1163 746 1252">
     <span class='ocr_line' id='line_1_26' title="bbox 269 1163 720 1198; baseline 0.004 -3"><span class='ocrx_word' id='word_1_68' title='bbox 269 1163 314 1195; x_wconf 85' lang='lat' dir='ltr'>Et</span> <span class='ocrx_word' id='word_1_69' title='bbox 336 1164 370 1195; x_wconf 92' lang='lat' dir='ltr'>in</span> <span class='ocrx_word' id='word_1_70' title='bbox 395 1163 509 1196; x_wconf 87' lang='lat' dir='ltr'>faeiem</span> <span class='ocrx_word' id='word_1_71' title='bbox 535 1165 720 1198; x_wconf 84' lang='lat' dir='ltr'>caedentes:</span> 
     </span>
     <span class='ocr_line' id='line_1_27' title="bbox 319 1210 746 1252; baseline 0.005 -10"><span class='ocrx_word' id='word_1_72' title='bbox 319 1212 394 1251; x_wconf 81' lang='lat' dir='ltr'>Quis</span> <span class='ocrx_word' id='word_1_73' title='bbox 419 1214 451 1243; x_wconf 90' lang='lat' dir='ltr'>te</span> <span class='ocrx_word' id='word_1_74' title='bbox 475 1210 574 1243; x_wconf 72' lang='lat' dir='ltr'>ferit?</span> <span class='ocrx_word' id='word_1_75' title='bbox 599 1212 746 1252; x_wconf 86' lang='lat' dir='ltr'>inquiunt</span> 
     </span>
    </p>

    <p class='ocr_par' dir='ltr' id='par_1_18' title="bbox 271 1258 746 1349">
     <span class='ocr_line' id='line_1_28' title="bbox 271 1258 695 1300; baseline 0 -10"><span class='ocrx_word' id='word_1_76' title='bbox 271 1258 472 1299; x_wconf 86' lang='lat' dir='ltr'>Prophetiza,</span> <span class='ocrx_word' id='word_1_77' title='bbox 504 1259 695 1300; x_wconf 85' lang='lat' dir='ltr'>deridentes,</span> 
     </span>
     <span class='ocr_line' id='line_1_29' title="bbox 319 1305 746 1349; baseline 0 -11"><span class='ocrx_word' id='word_1_78' title='bbox 319 1305 453 1346; x_wconf 86' lang='lat' dir='ltr'>Christe,</span> <span class='ocrx_word' id='word_1_79' title='bbox 481 1306 567 1338; x_wconf 85' lang='lat' dir='ltr'>caeci</span> <span class='ocrx_word' id='word_1_80' title='bbox 590 1308 746 1349; x_wconf 88' lang='lat' dir='ltr'>nesciunt,</span> 
     </span>
    </p>

    <p class='ocr_par' dir='ltr' id='par_1_19' title="bbox 273 1352 779 1441">
     <span class='ocr_line' id='line_1_30' title="bbox 273 1352 742 1394; baseline 0.004 -11"><span class='ocrx_word' id='word_1_81' title='bbox 273 1352 348 1392; x_wconf 79' lang='lat' dir='ltr'>Quis</span> <span class='ocrx_word' id='word_1_82' title='bbox 373 1352 498 1385; x_wconf 81' lang='lat' dir='ltr'>futurus</span> <span class='ocrx_word' id='word_1_83' title='bbox 522 1353 608 1385; x_wconf 88' lang='lat' dir='ltr'>inter</span> <span class='ocrx_word' id='word_1_84' title='bbox 633 1358 742 1394; x_wconf 85' lang='lat' dir='ltr'>gentes</span> 
     </span>
     <span class='ocr_line' id='line_1_31' title="bbox 320 1399 779 1441; baseline 0 -10"><span class='ocrx_word' id='word_1_85' title='bbox 320 1399 378 1440; x_wconf 87' lang='lat' dir='ltr'>Sit,</span> <span class='ocrx_word' id='word_1_86' title='bbox 405 1409 496 1440; x_wconf 90' lang='lat' dir='ltr'>quem</span> <span class='ocrx_word' id='word_1_87' title='bbox 519 1401 566 1432; x_wconf 83' lang='lat' dir='ltr'>sie</span> <span class='ocrx_word' id='word_1_88' title='bbox 592 1401 779 1441; x_wconf 87' lang='lat' dir='ltr'>despiciunt.</span> 
     </span>
    </p>
   </div>
   <div class='ocr_carea' id='block_1_12' title="bbox 274 1484 800 1755">
    <p class='ocr_par' dir='ltr' id='par_1_20' title="bbox 274 1484 800 1755">
     <span class='ocr_line' id='line_1_32' title="bbox 277 1484 732 1525; baseline 0.004 -9"><span class='ocrx_word' id='word_1_89' title='bbox 277 1484 354 1516; x_wconf 89' lang='lat' dir='ltr'>Post</span> <span class='ocrx_word' id='word_1_90' title='bbox 378 1484 437 1517; x_wconf 89' lang='lat' dir='ltr'>hoc</span> <span class='ocrx_word' id='word_1_91' title='bbox 462 1485 604 1525; x_wconf 86' lang='lat' dir='ltr'>praesidi</span> <span class='ocrx_word' id='word_1_92' title='bbox 629 1485 732 1518; x_wconf 87' lang='lat' dir='ltr'>Pilato</span> 
     </span>
     <span class='ocr_line' id='line_1_33' title="bbox 322 1532 800 1573; baseline 0.004 -10"><span class='ocrx_word' id='word_1_93' title='bbox 322 1532 466 1564; x_wconf 81' lang='lat' dir='ltr'>Vinctum</span> <span class='ocrx_word' id='word_1_94' title='bbox 480 1532 612 1564; x_wconf 86' lang='lat' dir='ltr'>tradunt</span> <span class='ocrx_word' id='word_1_95' title='bbox 619 1532 800 1573; x_wconf 86' lang='lat' dir='ltr'>Dominum,</span> 
     </span>
     <span class='ocr_line' id='line_1_34' title="bbox 274 1579 730 1619; baseline 0.004 -9"><span class='ocrx_word' id='word_1_96' title='bbox 274 1579 333 1617; x_wconf 73' lang='lat' dir='ltr'>Qui</span> <span class='ocrx_word' id='word_1_97' title='bbox 355 1588 481 1611; x_wconf 88' lang='lat' dir='ltr'>carnem</span> <span class='ocrx_word' id='word_1_98' title='bbox 507 1580 576 1611; x_wconf 90' lang='lat' dir='ltr'>sine</span> <span class='ocrx_word' id='word_1_99' title='bbox 600 1584 730 1619; x_wconf 87' lang='lat' dir='ltr'>peccato</span> 
     </span>
     <span class='ocr_line' id='line_1_35' title="bbox 318 1627 780 1660; baseline 0.002 -1"><span class='ocrx_word' id='word_1_100' title='bbox 318 1627 452 1659; x_wconf 85' lang='lat' dir='ltr'>Praeter</span> <span class='ocrx_word' id='word_1_101' title='bbox 477 1635 593 1658; x_wconf 89' lang='lat' dir='ltr'>morem</span> <span class='ocrx_word' id='word_1_102' title='bbox 620 1628 780 1660; x_wconf 88' lang='lat' dir='ltr'>hominum</span> 
     </span>
     <span class='ocr_line' id='line_1_36' title="bbox 274 1673 691 1713; baseline 0.007 -9"><span class='ocrx_word' id='word_1_103' title='bbox 274 1673 415 1713; x_wconf 86' lang='lat' dir='ltr'>Sumpsit</span> <span class='ocrx_word' id='word_1_104' title='bbox 441 1675 481 1706; x_wconf 90' lang='lat' dir='ltr'>de</span> <span class='ocrx_word' id='word_1_105' title='bbox 503 1674 691 1707; x_wconf 81' lang='lat' dir='ltr'>intemerato</span> 
     </span>
     <span class='ocr_line' id='line_1_37' title="bbox 319 1721 733 1755; baseline 0.007 -4"><span class='ocrx_word' id='word_1_106' title='bbox 319 1721 402 1753; x_wconf 90' lang='lat' dir='ltr'>Alvo</span> <span class='ocrx_word' id='word_1_107' title='bbox 428 1731 491 1754; x_wconf 92' lang='lat' dir='ltr'>non</span> <span class='ocrx_word' id='word_1_108' title='bbox 515 1722 547 1754; x_wconf 85' lang='lat' dir='ltr'>vi</span> <span class='ocrx_word' id='word_1_109' title='bbox 571 1723 733 1755; x_wconf 89' lang='lat' dir='ltr'>seminum.</span> 
     </span>
    </p>
   </div>
   <div class='ocr_carea' id='block_1_13' title="bbox 241 1805 709 1840">
    <p class='ocr_par' dir='ltr' id='par_1_21' title="bbox 241 1805 709 1840">
     <span class='ocr_line' id='line_1_38' title="bbox 241 1805 709 1840; baseline 0.006 -4"><span class='ocrx_word' id='word_1_110' title='bbox 241 1830 247 1836; x_wconf 93' lang='lat'>.</span> <span class='ocrx_word' id='word_1_111' title='bbox 274 1805 317 1837; x_wconf 89' lang='lat' dir='ltr'>Et</span> <span class='ocrx_word' id='word_1_112' title='bbox 343 1806 488 1838; x_wconf 88' lang='lat' dir='ltr'>silentem</span> <span class='ocrx_word' id='word_1_113' title='bbox 514 1808 709 1840; x_wconf 67' lang='lat' dir='ltr'>accusabant</span> 
     </span>
    </p>
   </div>
   <div class='ocr_carea' id='block_1_14' title="bbox 275 1853 803 2084">
    <p class='ocr_par' dir='ltr' id='par_1_22' title="bbox 275 1853 803 2084">
     <span class='ocr_line' id='line_1_39' title="bbox 322 1853 692 1895; baseline 0.005 -11"><span class='ocrx_word' id='word_1_114' title='bbox 322 1853 419 1885; x_wconf 87' lang='lat' dir='ltr'>Senes</span> <span class='ocrx_word' id='word_1_115' title='bbox 445 1859 477 1885; x_wconf 85' lang='lat' dir='ltr'>et.</span> <span class='ocrx_word' id='word_1_116' title='bbox 500 1854 692 1895; x_wconf 86' lang='lat' dir='ltr'>presbyteri,</span> 
     </span>
     <span class='ocr_line' id='line_1_40' title="bbox 275 1900 753 1941; baseline 0.008 -10"><span class='ocrx_word' id='word_1_117' title='bbox 275 1900 364 1939; x_wconf 74' lang='lat' dir='ltr'>Quod</span> <span class='ocrx_word' id='word_1_118' title='bbox 390 1900 429 1932; x_wconf 93' lang='lat' dir='ltr'>ab</span> <span class='ocrx_word' id='word_1_119' title='bbox 456 1902 501 1933; x_wconf 86' lang='lat' dir='ltr'>eis</span> <span class='ocrx_word' id='word_1_120' title='bbox 528 1901 753 1941; x_wconf 85' lang='lat' dir='ltr'>discrepabant</span> 
     </span>
     <span class='ocr_line' id='line_1_41' title="bbox 321 1947 665 1989; baseline 0.006 -11"><span class='ocrx_word' id='word_1_121' title='bbox 321 1947 430 1979; x_wconf 87' lang='lat' dir='ltr'>Mores</span> <span class='ocrx_word' id='word_1_122' title='bbox 456 1949 521 1980; x_wconf 88' lang='lat' dir='ltr'>eius</span> <span class='ocrx_word' id='word_1_123' title='bbox 547 1950 665 1989; x_wconf 87' lang='lat' dir='ltr'>superi,</span> 
     </span>
     <span class='ocr_line' id='line_1_42' title="bbox 275 1994 803 2035; baseline 0.006 -9"><span class='ocrx_word' id='word_1_124' title='bbox 275 1994 349 2035; x_wconf 86' lang='lat' dir='ltr'>Sed,</span> <span class='ocrx_word' id='word_1_125' title='bbox 381 2004 457 2034; x_wconf 86' lang='lat' dir='ltr'>quos</span> <span class='ocrx_word' id='word_1_126' title='bbox 482 1995 532 2027; x_wconf 89' lang='lat' dir='ltr'>illi</span> <span class='ocrx_word' id='word_1_127' title='bbox 555 2005 618 2027; x_wconf 91' lang='lat' dir='ltr'>non</span> <span class='ocrx_word' id='word_1_128' title='bbox 644 1998 803 2034; x_wconf 85' lang='lat' dir='ltr'>amabant,</span> 
     </span>
     <span class='ocr_line' id='line_1_43' title="bbox 321 2043 724 2084; baseline 0.007 -11"><span class='ocrx_word' id='word_1_129' title='bbox 321 2043 471 2082; x_wconf 83' lang='lat' dir='ltr'>Amplexi</span> <span class='ocrx_word' id='word_1_130' title='bbox 496 2045 570 2074; x_wconf 89' lang='lat' dir='ltr'>sunt</span> <span class='ocrx_word' id='word_1_131' title='bbox 593 2045 724 2084; x_wconf 87' lang='lat' dir='ltr'>posteri.</span> 
     </span>
    </p>
   </div>
   <div class='ocr_carea' id='block_1_15' title="bbox 276 2127 806 2408">
    <p class='ocr_par' dir='ltr' id='par_1_23' title="bbox 276 2127 724 2208">
     <span class='ocr_line' id='line_1_44' title="bbox 276 2127 724 2161; baseline 0.004 -2"><span class='ocrx_word' id='word_1_132' title='bbox 276 2127 328 2159; x_wconf 84' lang='lat' dir='ltr'>Ad</span> <span class='ocrx_word' id='word_1_133' title='bbox 354 2127 517 2160; x_wconf 88' lang='lat' dir='ltr'>Herodem</span> <span class='ocrx_word' id='word_1_134' title='bbox 543 2129 724 2161; x_wconf 87' lang='lat' dir='ltr'>comitatum</span> 
     </span>
     <span class='ocr_line' id='line_1_45' title="bbox 324 2175 676 2208; baseline 0.006 -2"><span class='ocrx_word' id='word_1_135' title='bbox 324 2175 441 2207; x_wconf 88' lang='lat' dir='ltr'>Turbis</span> <span class='ocrx_word' id='word_1_136' title='bbox 468 2179 500 2207; x_wconf 93' lang='lat' dir='ltr'>et</span> <span class='ocrx_word' id='word_1_137' title='bbox 522 2175 676 2208; x_wconf 84' lang='lat' dir='ltr'>militibus</span> 
     </span>
    </p>

    <p class='ocr_par' dir='ltr' id='par_1_24' title="bbox 277 2222 805 2312">
     <span class='ocr_line' id='line_1_46' title="bbox 277 2222 805 2265; baseline 0.008 -12"><span class='ocrx_word' id='word_1_138' title='bbox 277 2222 409 2254; x_wconf 89' lang='lat' dir='ltr'>Praeses</span> <span class='ocrx_word' id='word_1_139' title='bbox 422 2224 518 2262; x_wconf 87' lang='lat' dir='ltr'>misit,</span> <span class='ocrx_word' id='word_1_140' title='bbox 536 2224 620 2262; x_wconf 90' lang='lat' dir='ltr'>quod</span> <span class='ocrx_word' id='word_1_141' title='bbox 636 2228 667 2255; x_wconf 89' lang='lat' dir='ltr'>et</span> <span class='ocrx_word' id='word_1_142' title='bbox 682 2228 805 2265; x_wconf 87' lang='lat' dir='ltr'>gratum</span> 
     </span>
     <span class='ocr_line' id='line_1_47' title="bbox 321 2269 645 2312; baseline 0.006 -11"><span class='ocrx_word' id='word_1_143' title='bbox 321 2270 363 2302; x_wconf 88' lang='lat' dir='ltr'>Ei</span> <span class='ocrx_word' id='word_1_144' title='bbox 387 2269 424 2303; x_wconf 89' lang='lat' dir='ltr'>fit</span> <span class='ocrx_word' id='word_1_145' title='bbox 448 2280 467 2303; x_wconf 83' lang='lat' dir='ltr'>a</span> <span class='ocrx_word' id='word_1_146' title='bbox 490 2271 645 2312; x_wconf 89' lang='lat' dir='ltr'>pluribus,</span> 
     </span>
    </p>

    <p class='ocr_par' dir='ltr' id='par_1_25' title="bbox 276 2318 806 2408">
     <span class='ocr_line' id='line_1_48' title="bbox 276 2318 806 2361; baseline 0.004 -10"><span class='ocrx_word' id='word_1_147' title='bbox 276 2318 354 2351; x_wconf 87' lang='lat' dir='ltr'>Cum</span> <span class='ocrx_word' id='word_1_148' title='bbox 387 2319 530 2351; x_wconf 88' lang='lat' dir='ltr'>audisset</span> <span class='ocrx_word' id='word_1_149' title='bbox 552 2321 618 2350; x_wconf 88' lang='lat' dir='ltr'>tam</span> <span class='ocrx_word' id='word_1_150' title='bbox 644 2320 806 2361; x_wconf 86' lang='lat' dir='ltr'>vulgatum</span> 
     </span>
     <span class='ocr_line' id='line_1_49' title="bbox 323 2365 692 2408; baseline 0.003 -10"><span class='ocrx_word' id='word_1_151' title='bbox 323 2365 428 2408; x_wconf 86' lang='lat' dir='ltr'>Signis</span> <span class='ocrx_word' id='word_1_152' title='bbox 455 2369 486 2399; x_wconf 90' lang='lat' dir='ltr'>et</span> <span class='ocrx_word' id='word_1_153' title='bbox 510 2365 692 2402; x_wconf 84' lang='lat' dir='ltr'>virtutibus,</span> 
     </span>
    </p>
   </div>
   <div class='ocr_carea' id='block_1_16' title="bbox 870 185 1399 227">
    <p class='ocr_par' dir='ltr' id='par_1_26' title="bbox 870 185 1399 227">
     <span class='ocr_line' id='line_1_50' title="bbox 870 185 1399 227; baseline -0.008 -6"><span class='ocrx_word' id='word_1_154' title='bbox 870 188 923 220; x_wconf 87' lang='lat'>24.</span> <span class='ocrx_word' id='word_1_155' title='bbox 949 185 1063 220; x_wconf 87' lang='lat' dir='ltr'>Multis</span> <span class='ocrx_word' id='word_1_156' title='bbox 1088 186 1146 218; x_wconf 87' lang='lat' dir='ltr'>sed</span> <span class='ocrx_word' id='word_1_157' title='bbox 1169 186 1399 227; x_wconf 80' lang='lat' dir='ltr'>interrogatum</span> 
     </span>
    </p>
   </div>
   <div class='ocr_carea' id='block_1_17' title="bbox 868 520 923 552">
    <p class='ocr_par' dir='ltr' id='par_1_27' title="bbox 868 520 923 552">
     <span class='ocr_line' id='line_1_51' title="bbox 868 520 923 552; baseline 0.018 -1"><span class='ocrx_word' id='word_1_158' title='bbox 868 520 923 552; x_wconf 85' lang='lat'>25.</span> 
     </span>
    </p>
   </div>
   <div class='ocr_carea' id='block_1_18' title="bbox 871 844 927 876">
    <p class='ocr_par' dir='ltr' id='par_1_28' title="bbox 871 844 927 876">
     <span class='ocr_line' id='line_1_52' title="bbox 871 844 927 876; baseline 0.036 -2"><span class='ocrx_word' id='word_1_159' title='bbox 871 844 927 876; x_wconf 85' lang='lat'>26.</span> 
     </span>
    </p>
   </div>
   <div class='ocr_carea' id='block_1_19' title="bbox 870 1165 925 1197">
    <p class='ocr_par' dir='ltr' id='par_1_29' title="bbox 870 1165 925 1197">
     <span class='ocr_line' id='line_1_53' title="bbox 870 1165 925 1197; baseline 0 -1"><span class='ocrx_word' id='word_1_160' title='bbox 870 1165 925 1197; x_wconf 82' lang='lat'>27.</span> 
     </span>
    </p>
   </div>
   <div class='ocr_carea' id='block_1_20' title="bbox 871 1488 926 1519">
    <p class='ocr_par' dir='ltr' id='par_1_30' title="bbox 871 1488 926 1519">
     <span class='ocr_line' id='line_1_54' title="bbox 871 1488 926 1519; baseline -0.036 0"><span class='ocrx_word' id='word_1_161' title='bbox 871 1488 926 1519; x_wconf 87' lang='lat'>28.</span> 
     </span>
    </p>
   </div>
   <div class='ocr_carea' id='block_1_21' title="bbox 873 1810 927 1842">
    <p class='ocr_par' dir='ltr' id='par_1_31' title="bbox 873 1810 927 1842">
     <span class='ocr_line' id='line_1_55' title="bbox 873 1810 927 1842; baseline 0.019 -1"><span class='ocrx_word' id='word_1_162' title='bbox 873 1810 927 1842; x_wconf 87' lang='lat'>29.</span> 
     </span>
    </p>
   </div>
   <div class='ocr_carea' id='block_1_22' title="bbox 875 2132 929 2164">
    <p class='ocr_par' dir='ltr' id='par_1_32' title="bbox 875 2132 929 2164">
     <span class='ocr_line' id='line_1_56' title="bbox 875 2132 929 2164; baseline -0.019 0"><span class='ocrx_word' id='word_1_163' title='bbox 875 2132 929 2164; x_wconf 83' lang='lat'>30.</span> 
     </span>
    </p>
   </div>
   <div class='ocr_carea' id='block_1_23' title="bbox 951 233 1459 456">
    <p class='ocr_par' dir='ltr' id='par_1_33' title="bbox 951 233 1459 456">
     <span class='ocr_line' id='line_1_57' title="bbox 997 233 1369 266; baseline -0.005 0"><span class='ocrx_word' id='word_1_164' title='bbox 997 234 1146 266; x_wconf 76' lang='lat' dir='ltr'>Herodes</span> <span class='ocrx_word' id='word_1_165' title='bbox 1169 233 1369 266; x_wconf 79' lang='lat' dir='ltr'>sermonibus</span> 
     </span>
     <span class='ocr_line' id='line_1_58' title="bbox 951 281 1444 322; baseline -0.004 -9"><span class='ocrx_word' id='word_1_166' title='bbox 951 282 1007 313; x_wconf 81' lang='lat' dir='ltr'>Nil</span> <span class='ocrx_word' id='word_1_167' title='bbox 1031 281 1213 321; x_wconf 90' lang='lat' dir='ltr'>loquentem</span> <span class='ocrx_word' id='word_1_168' title='bbox 1239 285 1271 313; x_wconf 90' lang='lat' dir='ltr'>et</span> <span class='ocrx_word' id='word_1_169' title='bbox 1295 283 1444 322; x_wconf 84' lang='lat' dir='ltr'>paratum</span> 
     </span>
     <span class='ocr_line' id='line_1_59' title="bbox 999 328 1402 368; baseline -0.007 -7"><span class='ocrx_word' id='word_1_170' title='bbox 999 328 1085 361; x_wconf 84' lang='lat' dir='ltr'>Mori</span> <span class='ocrx_word' id='word_1_171' title='bbox 1109 338 1168 368; x_wconf 88' lang='lat' dir='ltr'>pro</span> <span class='ocrx_word' id='word_1_172' title='bbox 1193 328 1402 368; x_wconf 84' lang='lat' dir='ltr'>peccantibus</span> 
     </span>
     <span class='ocr_line' id='line_1_60' title="bbox 951 374 1459 417; baseline -0.008 -7"><span class='ocrx_word' id='word_1_173' title='bbox 951 376 1091 417; x_wconf 86' lang='lat' dir='ltr'>Sprevit,</span> <span class='ocrx_word' id='word_1_174' title='bbox 1119 377 1203 416; x_wconf 89' lang='lat' dir='ltr'>quod</span> <span class='ocrx_word' id='word_1_175' title='bbox 1228 376 1290 408; x_wconf 86' lang='lat' dir='ltr'>sibi</span> <span class='ocrx_word' id='word_1_176' title='bbox 1314 374 1459 407; x_wconf 88' lang='lat' dir='ltr'>adfatum</span> 
     </span>
     <span class='ocr_line' id='line_1_61' title="bbox 999 423 1441 456; baseline -0.002 0"><span class='ocrx_word' id='word_1_177' title='bbox 999 424 1072 456; x_wconf 84' lang='lat' dir='ltr'>Non</span> <span class='ocrx_word' id='word_1_178' title='bbox 1099 424 1155 455; x_wconf 90' lang='lat' dir='ltr'>dat</span> <span class='ocrx_word' id='word_1_179' title='bbox 1177 432 1237 455; x_wconf 90' lang='lat' dir='ltr'>nec</span> <span class='ocrx_word' id='word_1_180' title='bbox 1262 423 1441 456; x_wconf 84' lang='lat' dir='ltr'>clientibus.</span> 
     </span>
    </p>
   </div>
   <div class='ocr_carea' id='block_1_24' title="bbox 949 518 1465 789">
    <p class='ocr_par' dir='ltr' id='par_1_34' title="bbox 949 518 1381 606">
     <span class='ocr_line' id='line_1_62' title="bbox 949 518 1381 551; baseline -0.007 0"><span class='ocrx_word' id='word_1_181' title='bbox 949 519 1086 551; x_wconf 83' lang='lat' dir='ltr'>Stabant</span> <span class='ocrx_word' id='word_1_182' title='bbox 1107 518 1154 550; x_wconf 87' lang='lat' dir='ltr'>ibi</span> <span class='ocrx_word' id='word_1_183' title='bbox 1177 519 1381 551; x_wconf 86' lang='lat' dir='ltr'>sacerdotum</span> 
     </span>
     <span class='ocr_line' id='line_1_63' title="bbox 997 566 1312 606; baseline -0.003 -7"><span class='ocrx_word' id='word_1_184' title='bbox 997 566 1164 606; x_wconf 87' lang='lat' dir='ltr'>Principes</span> <span class='ocrx_word' id='word_1_185' title='bbox 1188 566 1312 598; x_wconf 88' lang='lat' dir='ltr'>invidia</span> 
     </span>
    </p>

    <p class='ocr_par' dir='ltr' id='par_1_35' title="bbox 951 613 1465 694">
     <span class='ocr_line' id='line_1_64' title="bbox 951 613 1465 654; baseline -0.004 -8"><span class='ocrx_word' id='word_1_186' title='bbox 951 614 1042 647; x_wconf 89' lang='lat' dir='ltr'>Pleni</span> <span class='ocrx_word' id='word_1_187' title='bbox 1067 613 1255 654; x_wconf 86' lang='lat' dir='ltr'>scribaeque</span> <span class='ocrx_word' id='word_1_188' title='bbox 1279 621 1338 653; x_wconf 89' lang='lat' dir='ltr'>per</span> <span class='ocrx_word' id='word_1_189' title='bbox 1364 614 1465 645; x_wconf 90' lang='lat' dir='ltr'>totum</span> 
     </span>
     <span class='ocr_line' id='line_1_65' title="bbox 998 662 1311 694; baseline 0 -1"><span class='ocrx_word' id='word_1_190' title='bbox 998 662 1195 694; x_wconf 86' lang='lat' dir='ltr'>Accusantes</span> <span class='ocrx_word' id='word_1_191' title='bbox 1220 662 1311 694; x_wconf 85' lang='lat' dir='ltr'>varia</span> 
     </span>
    </p>

    <p class='ocr_par' dir='ltr' id='par_1_36' title="bbox 950 707 1444 789">
     <span class='ocr_line' id='line_1_66' title="bbox 950 707 1444 749; baseline -0.006 -8"><span class='ocrx_word' id='word_1_192' title='bbox 950 709 1076 741; x_wconf 85' lang='lat' dir='ltr'>Probra</span> <span class='ocrx_word' id='word_1_193' title='bbox 1098 707 1301 749; x_wconf 82' lang='lat' dir='ltr'>serentesque</span> <span class='ocrx_word' id='word_1_194' title='bbox 1325 710 1444 748; x_wconf 88' lang='lat' dir='ltr'>notum,</span> 
     </span>
     <span class='ocr_line' id='line_1_67' title="bbox 998 754 1309 789; baseline 0.003 -2"><span class='ocrx_word' id='word_1_195' title='bbox 998 756 1096 788; x_wconf 85' lang='lat' dir='ltr'>Nulla</span> <span class='ocrx_word' id='word_1_196' title='bbox 1120 754 1195 787; x_wconf 87' lang='lat' dir='ltr'>fecit</span> <span class='ocrx_word' id='word_1_197' title='bbox 1220 757 1309 789; x_wconf 87' lang='lat' dir='ltr'>talia.</span> 
     </span>
    </p>
   </div>
   <div class='ocr_carea' id='block_1_25' title="bbox 950 841 1460 1118">
    <p class='ocr_par' dir='ltr' id='par_1_37' title="bbox 953 841 1460 929">
     <span class='ocr_line' id='line_1_68' title="bbox 953 841 1460 881; baseline -0.004 -7"><span class='ocrx_word' id='word_1_198' title='bbox 953 843 1022 874; x_wconf 83' lang='lat' dir='ltr'>Rex</span> <span class='ocrx_word' id='word_1_199' title='bbox 1046 841 1215 881; x_wconf 86' lang='lat' dir='ltr'>indignans</span> <span class='ocrx_word' id='word_1_200' title='bbox 1241 850 1312 873; x_wconf 88' lang='lat' dir='ltr'>eum</span> <span class='ocrx_word' id='word_1_201' title='bbox 1336 841 1460 880; x_wconf 86' lang='lat' dir='ltr'>sprevit</span> 
     </span>
     <span class='ocr_line' id='line_1_69' title="bbox 1000 889 1339 929; baseline -0.006 -7"><span class='ocrx_word' id='word_1_202' title='bbox 1000 890 1079 922; x_wconf 85' lang='lat' dir='ltr'>Cum</span> <span class='ocrx_word' id='word_1_203' title='bbox 1104 898 1160 922; x_wconf 92' lang='lat' dir='ltr'>suo</span> <span class='ocrx_word' id='word_1_204' title='bbox 1187 889 1339 929; x_wconf 84' lang='lat' dir='ltr'>exercitu,</span> 
     </span>
    </p>

    <p class='ocr_par' dir='ltr' id='par_1_38' title="bbox 950 934 1458 1118">
     <span class='ocr_line' id='line_1_70' title="bbox 950 934 1415 976; baseline -0.006 -7"><span class='ocrx_word' id='word_1_205' title='bbox 950 937 1020 969; x_wconf 83' lang='lat' dir='ltr'>Nec</span> <span class='ocrx_word' id='word_1_206' title='bbox 1045 936 1092 967; x_wconf 87' lang='lat' dir='ltr'>sic</span> <span class='ocrx_word' id='word_1_207' title='bbox 1116 934 1207 968; x_wconf 81' lang='lat' dir='ltr'>furor</span> <span class='ocrx_word' id='word_1_208' title='bbox 1233 936 1415 976; x_wconf 88' lang='lat' dir='ltr'>conquievit</span> 
     </span>
     <span class='ocr_line' id='line_1_71' title="bbox 997 983 1381 1022; baseline -0.005 -5"><span class='ocrx_word' id='word_1_209' title='bbox 997 985 1118 1017; x_wconf 86' lang='lat' dir='ltr'>Eorum</span> <span class='ocrx_word' id='word_1_210' title='bbox 1145 992 1214 1015; x_wconf 88' lang='lat' dir='ltr'>cum</span> <span class='ocrx_word' id='word_1_211' title='bbox 1243 983 1381 1022; x_wconf 83' lang='lat' dir='ltr'>fremitu,</span> 
     </span>
     <span class='ocr_line' id='line_1_72' title="bbox 950 1031 1458 1071; baseline -0.002 -7"><span class='ocrx_word' id='word_1_212' title='bbox 950 1033 1051 1064; x_wconf 88' lang='lat' dir='ltr'>Immo</span> <span class='ocrx_word' id='word_1_213' title='bbox 1076 1032 1177 1063; x_wconf 88' lang='lat' dir='ltr'>maior</span> <span class='ocrx_word' id='word_1_214' title='bbox 1202 1040 1329 1071; x_wconf 91' lang='lat' dir='ltr'>semper</span> <span class='ocrx_word' id='word_1_215' title='bbox 1355 1031 1458 1063; x_wconf 86' lang='lat' dir='ltr'>crevit</span> 
     </span>
     <span class='ocr_line' id='line_1_73' title="bbox 1000 1079 1438 1118; baseline 0.002 -7"><span class='ocrx_word' id='word_1_216' title='bbox 1000 1079 1168 1111; x_wconf 88' lang='lat' dir='ltr'>Tumultus</span> <span class='ocrx_word' id='word_1_217' title='bbox 1194 1087 1265 1110; x_wconf 88' lang='lat' dir='ltr'>cum</span> <span class='ocrx_word' id='word_1_218' title='bbox 1290 1079 1438 1118; x_wconf 89' lang='lat' dir='ltr'>strepitu.</span> 
     </span>
    </p>
   </div>
   <div class='ocr_carea' id='block_1_26' title="bbox 952 1163 1485 1444">
    <p class='ocr_par' dir='ltr' id='par_1_39' title="bbox 952 1163 1408 1251">
     <span class='ocr_line' id='line_1_74' title="bbox 952 1163 1408 1205; baseline 0 -10"><span class='ocrx_word' id='word_1_219' title='bbox 952 1166 1059 1205; x_wconf 77' lang='lat' dir='ltr'>Atque</span> <span class='ocrx_word' id='word_1_220' title='bbox 1082 1163 1173 1195; x_wconf 90' lang='lat' dir='ltr'>illum</span> <span class='ocrx_word' id='word_1_221' title='bbox 1198 1165 1240 1196; x_wconf 84' lang='lat' dir='ltr'>ad</span> <span class='ocrx_word' id='word_1_222' title='bbox 1267 1164 1408 1197; x_wconf 88' lang='lat' dir='ltr'>derisum</span> 
     </span>
     <span class='ocr_line' id='line_1_75' title="bbox 998 1211 1334 1251; baseline -0.006 -7"><span class='ocrx_word' id='word_1_223' title='bbox 998 1211 1085 1244; x_wconf 87' lang='lat' dir='ltr'>Alba</span> <span class='ocrx_word' id='word_1_224' title='bbox 1108 1213 1198 1243; x_wconf 84' lang='lat' dir='ltr'>veste</span> <span class='ocrx_word' id='word_1_225' title='bbox 1218 1211 1334 1251; x_wconf 90' lang='lat' dir='ltr'>induit,</span> 
     </span>
    </p>

    <p class='ocr_par' dir='ltr' id='par_1_40' title="bbox 953 1258 1440 1347">
     <span class='ocr_line' id='line_1_76' title="bbox 953 1258 1440 1299; baseline -0.002 -8"><span class='ocrx_word' id='word_1_226' title='bbox 953 1258 1118 1299; x_wconf 86' lang='lat' dir='ltr'>Nesciens,</span> <span class='ocrx_word' id='word_1_227' title='bbox 1142 1259 1228 1298; x_wconf 90' lang='lat' dir='ltr'>quod</span> <span class='ocrx_word' id='word_1_228' title='bbox 1253 1259 1440 1299; x_wconf 87' lang='lat' dir='ltr'>paradisum</span> 
     </span>
     <span class='ocr_line' id='line_1_77' title="bbox 1000 1306 1399 1347; baseline -0.005 -8"><span class='ocrx_word' id='word_1_229' title='bbox 1000 1307 1077 1340; x_wconf 84' lang='lat' dir='ltr'>Cum</span> <span class='ocrx_word' id='word_1_230' title='bbox 1104 1309 1197 1345; x_wconf 89' lang='lat' dir='ltr'>patre</span> <span class='ocrx_word' id='word_1_231' title='bbox 1223 1306 1399 1347; x_wconf 86' lang='lat' dir='ltr'>constituit,</span> 
     </span>
    </p>

    <p class='ocr_par' dir='ltr' id='par_1_41' title="bbox 954 1354 1485 1444">
     <span class='ocr_line' id='line_1_78' title="bbox 954 1354 1485 1393; baseline -0.004 -6"><span class='ocrx_word' id='word_1_232' title='bbox 954 1354 1018 1387; x_wconf 89' lang='lat' dir='ltr'>Sed</span> <span class='ocrx_word' id='word_1_233' title='bbox 1052 1354 1137 1393; x_wconf 86' lang='lat' dir='ltr'>quod</span> <span class='ocrx_word' id='word_1_234' title='bbox 1163 1362 1257 1385; x_wconf 88' lang='lat' dir='ltr'>caeco</span> <span class='ocrx_word' id='word_1_235' title='bbox 1284 1356 1358 1386; x_wconf 87' lang='lat' dir='ltr'>nato</span> <span class='ocrx_word' id='word_1_236' title='bbox 1384 1354 1485 1385; x_wconf 89' lang='lat' dir='ltr'>visum</span> 
     </span>
     <span class='ocr_line' id='line_1_79' title="bbox 999 1401 1357 1444; baseline 0 -11"><span class='ocrx_word' id='word_1_237' title='bbox 999 1401 1108 1444; x_wconf 82' lang='lat' dir='ltr'>Dedit,</span> <span class='ocrx_word' id='word_1_238' title='bbox 1135 1401 1218 1433; x_wconf 89' lang='lat' dir='ltr'>scire</span> <span class='ocrx_word' id='word_1_239' title='bbox 1242 1401 1357 1441; x_wconf 88' lang='lat' dir='ltr'>potuit.</span> 
     </span>
    </p>
   </div>
   <div class='ocr_carea' id='block_1_27' title="bbox 954 1485 1488 1757">
    <p class='ocr_par' dir='ltr' id='par_1_42' title="bbox 954 1485 1432 1566">
     <span class='ocr_line' id='line_1_80' title="bbox 954 1485 1432 1520; baseline 0 -2"><span class='ocrx_word' id='word_1_240' title='bbox 954 1487 1031 1518; x_wconf 90' lang='lat' dir='ltr'>Post</span> <span class='ocrx_word' id='word_1_241' title='bbox 1054 1485 1201 1518; x_wconf 83' lang='lat' dir='ltr'>Herodes</span> <span class='ocrx_word' id='word_1_242' title='bbox 1227 1487 1269 1518; x_wconf 89' lang='lat' dir='ltr'>ad</span> <span class='ocrx_word' id='word_1_243' title='bbox 1295 1487 1432 1520; x_wconf 87' lang='lat' dir='ltr'>Pilatum</span> 
     </span>
     <span class='ocr_line' id='line_1_81' title="bbox 1000 1533 1343 1566; baseline 0 0"><span class='ocrx_word' id='word_1_244' title='bbox 1000 1533 1134 1566; x_wconf 85' lang='lat' dir='ltr'>Remisit</span> <span class='ocrx_word' id='word_1_245' title='bbox 1159 1536 1195 1565; x_wconf 90' lang='lat' dir='ltr'>ut</span> <span class='ocrx_word' id='word_1_246' title='bbox 1219 1533 1343 1566; x_wconf 89' lang='lat' dir='ltr'>fatuum</span> 
     </span>
    </p>

    <p class='ocr_par' dir='ltr' id='par_1_43' title="bbox 957 1581 1468 1671">
     <span class='ocr_line' id='line_1_82' title="bbox 957 1581 1424 1620; baseline 0 -7"><span class='ocrx_word' id='word_1_247' title='bbox 957 1582 1095 1613; x_wconf 90' lang='lat' dir='ltr'>Verbum</span> <span class='ocrx_word' id='word_1_248' title='bbox 1121 1581 1184 1613; x_wconf 89' lang='lat' dir='ltr'>Dei</span> <span class='ocrx_word' id='word_1_249' title='bbox 1209 1582 1424 1620; x_wconf 79' lang='lat' dir='ltr'>incarnatum,</span> 
     </span>
     <span class='ocr_line' id='line_1_83' title="bbox 1002 1628 1468 1671; baseline 0.004 -11"><span class='ocrx_word' id='word_1_250' title='bbox 1002 1628 1093 1668; x_wconf 77' lang='lat' dir='ltr'>Quod</span> <span class='ocrx_word' id='word_1_251' title='bbox 1119 1638 1183 1660; x_wconf 89' lang='lat' dir='ltr'>non</span> <span class='ocrx_word' id='word_1_252' title='bbox 1207 1630 1297 1661; x_wconf 88' lang='lat' dir='ltr'>venit</span> <span class='ocrx_word' id='word_1_253' title='bbox 1322 1638 1468 1671; x_wconf 83' lang='lat' dir='ltr'>vacuum,</span> 
     </span>
    </p>

    <p class='ocr_par' dir='ltr' id='par_1_44' title="bbox 954 1676 1488 1757">
     <span class='ocr_line' id='line_1_84' title="bbox 954 1676 1488 1717; baseline 0.002 -9"><span class='ocrx_word' id='word_1_254' title='bbox 954 1676 1019 1709; x_wconf 88' lang='lat' dir='ltr'>Sed</span> <span class='ocrx_word' id='word_1_255' title='bbox 1031 1685 1090 1717; x_wconf 90' lang='lat' dir='ltr'>per</span> <span class='ocrx_word' id='word_1_256' title='bbox 1105 1676 1209 1716; x_wconf 88' lang='lat' dir='ltr'>ipsum</span> <span class='ocrx_word' id='word_1_257' title='bbox 1220 1679 1268 1708; x_wconf 90' lang='lat' dir='ltr'>est</span> <span class='ocrx_word' id='word_1_258' title='bbox 1277 1680 1488 1709; x_wconf 87' lang='lat' dir='ltr'>monstratum</span> 
     </span>
     <span class='ocr_line' id='line_1_85' title="bbox 1002 1724 1344 1757; baseline -0.003 -1"><span class='ocrx_word' id='word_1_259' title='bbox 1002 1725 1069 1756; x_wconf 86' lang='lat' dir='ltr'>Iter</span> <span class='ocrx_word' id='word_1_260' title='bbox 1095 1724 1175 1755; x_wconf 88' lang='lat' dir='ltr'>caeli</span> <span class='ocrx_word' id='word_1_261' title='bbox 1199 1725 1344 1757; x_wconf 86' lang='lat' dir='ltr'>arduum.</span> 
     </span>
    </p>
   </div>
   <div class='ocr_carea' id='block_1_28' title="bbox 955 1809 1493 2080">
    <p class='ocr_par' dir='ltr' id='par_1_45' title="bbox 955 1809 1493 1889">
     <span class='ocr_line' id='line_1_86' title="bbox 955 1809 1493 1850; baseline -0.004 -7"><span class='ocrx_word' id='word_1_262' title='bbox 955 1810 1060 1843; x_wconf 87' lang='lat' dir='ltr'>Unum</span> <span class='ocrx_word' id='word_1_263' title='bbox 1071 1809 1224 1850; x_wconf 83' lang='lat' dir='ltr'>vinctum,</span> <span class='ocrx_word' id='word_1_264' title='bbox 1239 1810 1323 1849; x_wconf 89' lang='lat' dir='ltr'>quod</span> <span class='ocrx_word' id='word_1_265' title='bbox 1333 1819 1392 1849; x_wconf 83' lang='lat' dir='ltr'>per</span> <span class='ocrx_word' id='word_1_266' title='bbox 1403 1820 1493 1842; x_wconf 90' lang='lat' dir='ltr'>mare</span> 
     </span>
     <span class='ocr_line' id='line_1_87' title="bbox 1003 1856 1423 1889; baseline 0 0"><span class='ocrx_word' id='word_1_267' title='bbox 1003 1857 1090 1889; x_wconf 84' lang='lat' dir='ltr'>Gens</span> <span class='ocrx_word' id='word_1_268' title='bbox 1115 1856 1268 1889; x_wconf 85' lang='lat' dir='ltr'>Hebraea</span> <span class='ocrx_word' id='word_1_269' title='bbox 1293 1858 1423 1889; x_wconf 87' lang='lat' dir='ltr'>transiit</span> 
     </span>
    </p>

    <p class='ocr_par' dir='ltr' id='par_1_46' title="bbox 956 1902 1382 1993">
     <span class='ocr_line' id='line_1_88' title="bbox 956 1902 1382 1944; baseline -0.002 -8"><span class='ocrx_word' id='word_1_270' title='bbox 956 1905 1047 1937; x_wconf 86' lang='lat' dir='ltr'>Sicco</span> <span class='ocrx_word' id='word_1_271' title='bbox 1072 1904 1166 1944; x_wconf 87' lang='lat' dir='ltr'>pede,</span> <span class='ocrx_word' id='word_1_272' title='bbox 1194 1902 1276 1936; x_wconf 83' lang='lat' dir='ltr'>festo</span> <span class='ocrx_word' id='word_1_273' title='bbox 1304 1904 1382 1937; x_wconf 88' lang='lat' dir='ltr'>dare</span> 
     </span>
     <span class='ocr_line' id='line_1_89' title="bbox 1004 1951 1379 1993; baseline 0 -10"><span class='ocrx_word' id='word_1_274' title='bbox 1004 1951 1093 1983; x_wconf 89' lang='lat' dir='ltr'>Solet</span> <span class='ocrx_word' id='word_1_275' title='bbox 1115 1960 1257 1993; x_wconf 87' lang='lat' dir='ltr'>praeses,</span> <span class='ocrx_word' id='word_1_276' title='bbox 1283 1952 1379 1992; x_wconf 89' lang='lat' dir='ltr'>petiit</span> 
     </span>
    </p>

    <p class='ocr_par' dir='ltr' id='par_1_47' title="bbox 955 1999 1463 2080">
     <span class='ocr_line' id='line_1_90' title="bbox 955 1999 1463 2041; baseline 0.004 -11"><span class='ocrx_word' id='word_1_277' title='bbox 955 1999 1196 2038; x_wconf 80' lang='lat' dir='ltr'>Barrabamque</span> <span class='ocrx_word' id='word_1_278' title='bbox 1221 2002 1298 2031; x_wconf 91' lang='lat' dir='ltr'>tunc</span> <span class='ocrx_word' id='word_1_279' title='bbox 1322 2008 1463 2041; x_wconf 84' lang='lat' dir='ltr'>servare,</span> 
     </span>
     <span class='ocr_line' id='line_1_91' title="bbox 1002 2046 1340 2080; baseline 0.003 -2"><span class='ocrx_word' id='word_1_280' title='bbox 1002 2046 1048 2078; x_wconf 89' lang='lat' dir='ltr'>Et</span> <span class='ocrx_word' id='word_1_281' title='bbox 1071 2055 1090 2078; x_wconf 87' lang='lat' dir='ltr'>a</span> <span class='ocrx_word' id='word_1_282' title='bbox 1114 2046 1227 2078; x_wconf 87' lang='lat' dir='ltr'>vinclis</span> <span class='ocrx_word' id='word_1_283' title='bbox 1254 2048 1340 2080; x_wconf 84' lang='lat' dir='ltr'>exiit.</span> 
     </span>
    </p>
   </div>
   <div class='ocr_carea' id='block_1_29' title="bbox 957 2131 1493 2414">
    <p class='ocr_par' dir='ltr' id='par_1_48' title="bbox 957 2131 1493 2170">
     <span class='ocr_line' id='line_1_92' title="bbox 957 2131 1493 2170; baseline 0.006 -8"><span class='ocrx_word' id='word_1_284' title='bbox 957 2131 1052 2170; x_wconf 71' lang='lat' dir='ltr'>Quem</span> <span class='ocrx_word' id='word_1_285' title='bbox 1087 2132 1257 2164; x_wconf 85' lang='lat' dir='ltr'>daemones</span> <span class='ocrx_word' id='word_1_286' title='bbox 1282 2135 1354 2165; x_wconf 79' lang='lat' dir='ltr'>sunt</span> <span class='ocrx_word' id='word_1_287' title='bbox 1381 2135 1493 2166; x_wconf 84' lang='lat' dir='ltr'>testati</span> 
     </span>
    </p>

    <p class='ocr_par' dir='ltr' id='par_1_49' title="bbox 958 2179 1416 2270">
     <span class='ocr_line' id='line_1_93' title="bbox 1005 2179 1416 2221; baseline 0 -9"><span class='ocrx_word' id='word_1_288' title='bbox 1005 2179 1120 2221; x_wconf 89' lang='lat' dir='ltr'>Deum,</span> <span class='ocrx_word' id='word_1_289' title='bbox 1146 2189 1277 2220; x_wconf 89' lang='lat' dir='ltr'>praeses</span> <span class='ocrx_word' id='word_1_290' title='bbox 1302 2180 1416 2213; x_wconf 89' lang='lat' dir='ltr'>tribuit</span> 
     </span>
     <span class='ocr_line' id='line_1_94' title="bbox 958 2228 1344 2270; baseline -0.003 -10"><span class='ocrx_word' id='word_1_291' title='bbox 958 2228 1151 2260; x_wconf 85' lang='lat' dir='ltr'>Iudaeorum</span> <span class='ocrx_word' id='word_1_292' title='bbox 1175 2228 1344 2270; x_wconf 85' lang='lat' dir='ltr'>voluntati,</span> 
     </span>
    </p>

    <p class='ocr_par' dir='ltr' id='par_1_50' title="bbox 958 2276 1476 2365">
     <span class='ocr_line' id='line_1_95' title="bbox 1007 2276 1476 2316; baseline 0.011 -10"><span class='ocrx_word' id='word_1_293' title='bbox 1007 2276 1106 2315; x_wconf 71' lang='lat' dir='ltr'>Quem</span> <span class='ocrx_word' id='word_1_294' title='bbox 1133 2284 1226 2308; x_wconf 88' lang='lat' dir='ltr'>cocco</span> <span class='ocrx_word' id='word_1_295' title='bbox 1251 2276 1344 2316; x_wconf 89' lang='lat' dir='ltr'>plebs</span> <span class='ocrx_word' id='word_1_296' title='bbox 1369 2277 1476 2311; x_wconf 89' lang='lat' dir='ltr'>induit</span> 
     </span>
     <span class='ocr_line' id='line_1_96' title="bbox 958 2323 1336 2365; baseline -0.003 -10"><span class='ocrx_word' id='word_1_297' title='bbox 958 2324 1111 2365; x_wconf 87' lang='lat' dir='ltr'>Irridens,</span> <span class='ocrx_word' id='word_1_298' title='bbox 1141 2323 1200 2355; x_wconf 88' lang='lat' dir='ltr'>sed</span> <span class='ocrx_word' id='word_1_299' title='bbox 1225 2324 1336 2356; x_wconf 88' lang='lat' dir='ltr'>deitati</span> 
     </span>
    </p>

    <p class='ocr_par' dir='ltr' id='par_1_51' title="bbox 1007 2370 1399 2414">
     <span class='ocr_line' id='line_1_97' title="bbox 1007 2370 1399 2414; baseline 0.005 -11"><span class='ocrx_word' id='word_1_300' title='bbox 1007 2370 1094 2405; x_wconf 82' lang='lat' dir='ltr'>Talis</span> <span class='ocrx_word' id='word_1_301' title='bbox 1118 2371 1217 2404; x_wconf 83' lang='lat' dir='ltr'>vestis</span> <span class='ocrx_word' id='word_1_302' title='bbox 1243 2372 1399 2414; x_wconf 82' lang='lat' dir='ltr'>congruit.</span> 
     </span>
    </p>
   </div>
  </div>
 </body>
</html>
