<?xml version="1.0" encoding="UTF-8"?>
<!DOCTYPE html PUBLIC "-//W3C//DTD XHTML 1.0 Transitional//EN"
    "http://www.w3.org/TR/xhtml1/DTD/xhtml1-transitional.dtd">
<html xmlns="http://www.w3.org/1999/xhtml" xml:lang="en" lang="en">
 <head>
  <title>
</title>
<meta http-equiv="Content-Type" content="text/html;charset=utf-8" />
  <meta name='ocr-system' content='tesseract 3.04.00' />
  <meta name='ocr-capabilities' content='ocr_page ocr_carea ocr_par ocr_line ocrx_word'/>
</head>
<body>
  <div class='ocr_page' id='page_1' title='image "./analectahymnica31drevuoft_00014.png"; bbox 0 0 1651 2606; ppageno 0'>
   <div class='ocr_carea' id='block_1_1' title="bbox 784 95 1019 135">
    <p class='ocr_par' dir='ltr' id='par_1_1' title="bbox 784 95 1019 135">
     <span class='ocr_line' id='line_1_1' title="bbox 784 95 1019 135; baseline 0.013 -11"><span class='ocrx_word' id='word_1_1' title='bbox 784 95 1019 135; x_wconf 36' lang='lat' dir='ltr'><strong>„11ss</strong></span> 
     </span>
    </p>
   </div>
   <div class='ocr_carea' id='block_1_2' title="bbox 246 189 1568 801">
    <p class='ocr_par' dir='ltr' id='par_1_2' title="bbox 246 189 1568 801">
     <span class='ocr_line' id='line_1_2' title="bbox 324 189 1562 225; baseline 0.002 -5"><span class='ocrx_word' id='word_1_2' title='bbox 324 189 406 220; x_wconf 82' lang='lat' dir='ltr'><strong>Orat.</strong></span> <span class='ocrx_word' id='word_1_3' title='bbox 427 202 482 220; x_wconf 89' lang='lat' dir='ltr'><strong>ms.</strong></span> <span class='ocrx_word' id='word_1_4' title='bbox 502 191 532 221; x_wconf 87' lang='lat' dir='ltr'>S.</span> <span class='ocrx_word' id='word_1_5' title='bbox 553 194 662 222; x_wconf 78' lang='lat' dir='ltr'><strong>Albani</strong></span> <span class='ocrx_word' id='word_1_6' title='bbox 679 195 831 223; x_wconf 77' lang='lat' dir='ltr'><strong>Treviren.</strong></span> <span class='ocrx_word' id='word_1_7' title='bbox 852 204 928 224; x_wconf 84' lang='lat' dir='ltr'><strong>saec.</strong></span> <span class='ocrx_word' id='word_1_8' title='bbox 949 194 995 223; x_wconf 82' lang='lat'>15.</span> <span class='ocrx_word' id='word_1_9' title='bbox 1025 195 1096 223; x_wconf 69' lang='lat'>0011.</span> <span class='ocrx_word' id='word_1_10' title='bbox 1115 196 1267 224; x_wconf 81' lang='lat' dir='ltr'><strong>Treviren.</strong></span> <span class='ocrx_word' id='word_1_11' title='bbox 1289 193 1353 224; x_wconf 78' lang='lat'>199.</span> <span class='ocrx_word' id='word_1_12' title='bbox 1373 195 1408 222; x_wconf 89' lang='lat' dir='ltr'><strong>A.</strong></span> <span class='ocrx_word' id='word_1_13' title='bbox 1425 211 1463 215; x_wconf 93' lang='lat'><strong>—-</strong></span> <span class='ocrx_word' id='word_1_14' title='bbox 1482 196 1562 225; x_wconf 89' lang='lat' dir='ltr'><strong>Orat.</strong></span> 
     </span>
     <span class='ocr_line' id='line_1_3' title="bbox 247 230 1563 271; baseline 0.004 -14"><span class='ocrx_word' id='word_1_15' title='bbox 247 239 300 258; x_wconf 82' lang='lat' dir='ltr'><strong>ms.</strong></span> <span class='ocrx_word' id='word_1_16' title='bbox 320 230 561 267; x_wconf 83' lang='lat' dir='ltr'><strong>Engelbergense</strong></span> <span class='ocrx_word' id='word_1_17' title='bbox 581 240 656 260; x_wconf 87' lang='lat' dir='ltr'><strong>saec.</strong></span> <span class='ocrx_word' id='word_1_18' title='bbox 679 231 723 260; x_wconf 83' lang='lat'>14.</span> <span class='ocrx_word' id='word_1_19' title='bbox 765 234 835 261; x_wconf 87' lang='lat' dir='ltr'>Cod.</span> <span class='ocrx_word' id='word_1_20' title='bbox 855 234 1069 271; x_wconf 83' lang='lat' dir='ltr'><strong>Engelbergen.</strong></span> <span class='ocrx_word' id='word_1_21' title='bbox 1094 232 1156 262; x_wconf 84' lang='lat'>159.</span> <span class='ocrx_word' id='word_1_22' title='bbox 1172 235 1204 261; x_wconf 88' lang='grc' dir='ltr'><strong>Β.</strong></span> <span class='ocrx_word' id='word_1_23' title='bbox 1225 249 1262 253; x_wconf 94' lang='grc'>-</span> <span class='ocrx_word' id='word_1_24' title='bbox 1283 232 1334 268; x_wconf 88' lang='lat' dir='ltr'><strong>lb,</strong></span> <span class='ocrx_word' id='word_1_25' title='bbox 1357 231 1375 260; x_wconf 83' lang='lat'><strong>2</strong></span> <span class='ocrx_word' id='word_1_26' title='bbox 1393 235 1526 263; x_wconf 87' lang='lat' dir='ltr'><strong>Unitatis</strong></span> <span class='ocrx_word' id='word_1_27' title='bbox 1547 243 1563 262; x_wconf 93' lang='lat' dir='ltr'><strong>o</strong></span> 
     </span>
     <span class='ocr_line' id='line_1_4' title="bbox 247 268 1568 306; baseline 0.003 -11"><span class='ocrx_word' id='word_1_28' title='bbox 247 271 380 304; x_wconf 79' lang='lat' dir='ltr'><strong>potestas</strong></span> <span class='ocrx_word' id='word_1_29' title='bbox 400 269 436 296; x_wconf 88' lang='lat' dir='ltr'><strong>A.</strong></span> <span class='ocrx_word' id='word_1_30' title='bbox 457 286 495 289; x_wconf 97' lang='lat'><strong>—</strong></span> <span class='ocrx_word' id='word_1_31' title='bbox 519 268 573 304; x_wconf 89' lang='grc'><strong>23,</strong></span> <span class='ocrx_word' id='word_1_32' title='bbox 597 269 612 297; x_wconf 94' lang='grc'><strong>1</strong></span> <span class='ocrx_word' id='word_1_33' title='bbox 632 272 678 299; x_wconf 85' lang='lat' dir='ltr'><strong>Tu</strong></span> <span class='ocrx_word' id='word_1_34' title='bbox 700 280 730 299; x_wconf 88' lang='lat' dir='ltr'><strong>es</strong></span> <span class='ocrx_word' id='word_1_35' title='bbox 750 272 831 300; x_wconf 90' lang='lat' dir='ltr'><strong>Deus</strong></span> <span class='ocrx_word' id='word_1_36' title='bbox 852 273 885 300; x_wconf 92' lang='lat' dir='ltr'><strong>B.</strong></span> <span class='ocrx_word' id='word_1_37' title='bbox 908 287 945 291; x_wconf 98' lang='lat'><strong>—</strong></span> <span class='ocrx_word' id='word_1_38' title='bbox 966 269 1019 306; x_wconf 85' lang='lat' dir='ltr'><strong>2a,</strong></span> <span class='ocrx_word' id='word_1_39' title='bbox 1041 269 1059 299; x_wconf 88' lang='lat'><strong>3</strong></span> <span class='ocrx_word' id='word_1_40' title='bbox 1078 272 1202 300; x_wconf 84' lang='lat' dir='ltr'><strong>laudant</strong></span> <span class='ocrx_word' id='word_1_41' title='bbox 1222 273 1255 300; x_wconf 89' lang='grc' dir='ltr'><strong>Β.</strong></span> <span class='ocrx_word' id='word_1_42' title='bbox 1275 287 1313 292; x_wconf 90' lang='lat'><strong>—-</strong></span> <span class='ocrx_word' id='word_1_43' title='bbox 1333 270 1394 306; x_wconf 90' lang='grc'>21),</span> <span class='ocrx_word' id='word_1_44' title='bbox 1416 270 1434 299; x_wconf 98' lang='grc'><strong>2</strong></span> <span class='ocrx_word' id='word_1_45' title='bbox 1453 272 1568 300; x_wconf 87' lang='lat' dir='ltr'><strong>factura</strong></span> 
     </span>
     <span class='ocr_line' id='line_1_5' title="bbox 248 305 1566 345; baseline 0.003 -12"><span class='ocrx_word' id='word_1_46' title='bbox 248 308 301 334; x_wconf 81' lang='lat' dir='ltr'><strong>tua</strong></span> <span class='ocrx_word' id='word_1_47' title='bbox 320 306 355 334; x_wconf 91' lang='lat' dir='ltr'><strong>A.</strong></span> <span class='ocrx_word' id='word_1_48' title='bbox 376 322 416 327; x_wconf 91' lang='lat'>—</span> <span class='ocrx_word' id='word_1_49' title='bbox 436 305 489 342; x_wconf 82' lang='grc'><strong>33,</strong></span> <span class='ocrx_word' id='word_1_50' title='bbox 510 306 528 336; x_wconf 86' lang='lat'><strong>3</strong></span> <span class='ocrx_word' id='word_1_51' title='bbox 550 309 643 342; x_wconf 79' lang='lat' dir='ltr'><strong>Quam</strong></span> <span class='ocrx_word' id='word_1_52' title='bbox 664 311 705 337; x_wconf 78' lang='lat' dir='ltr'><strong>sis</strong></span> <span class='ocrx_word' id='word_1_53' title='bbox 720 311 753 337; x_wconf 84' lang='grc' dir='ltr'><strong>Β.</strong></span> <span class='ocrx_word' id='word_1_54' title='bbox 774 324 811 328; x_wconf 96' lang='grc'>-</span> <span class='ocrx_word' id='word_1_55' title='bbox 832 308 883 344; x_wconf 86' lang='grc'>31),</span> <span class='ocrx_word' id='word_1_56' title='bbox 903 308 921 337; x_wconf 91' lang='grc'>2</span> <span class='ocrx_word' id='word_1_57' title='bbox 941 319 960 338; x_wconf 86' lang='lat' dir='ltr'><strong>a</strong></span> <span class='ocrx_word' id='word_1_58' title='bbox 979 310 1054 338; x_wconf 87' lang='lat' dir='ltr'><strong>caeli</strong></span> <span class='ocrx_word' id='word_1_59' title='bbox 1074 311 1145 338; x_wconf 88' lang='lat' dir='ltr'><strong>solis</strong></span> <span class='ocrx_word' id='word_1_60' title='bbox 1166 310 1352 345; x_wconf 81' lang='lat' dir='ltr'>pulchritudo</span> <span class='ocrx_word' id='word_1_61' title='bbox 1365 310 1399 337; x_wconf 90' lang='lat' dir='ltr'><strong>B.</strong></span> <span class='ocrx_word' id='word_1_62' title='bbox 1420 326 1455 329; x_wconf 97' lang='lat'><strong>—</strong></span> <span class='ocrx_word' id='word_1_63' title='bbox 1474 308 1525 344; x_wconf 88' lang='lat' dir='ltr'><strong>3b,</strong></span> <span class='ocrx_word' id='word_1_64' title='bbox 1546 309 1566 337; x_wconf 99' lang='lat'>4</span> 
     </span>
     <span class='ocr_line' id='line_1_6' title="bbox 248 344 1566 384; baseline 0.002 -12"><span class='ocrx_word' id='word_1_65' title='bbox 248 344 331 372; x_wconf 87' lang='lat' dir='ltr'><strong>Caeli</strong></span> <span class='ocrx_word' id='word_1_66' title='bbox 357 345 432 373; x_wconf 85' lang='lat' dir='ltr'><strong>fehlt</strong></span> <span class='ocrx_word' id='word_1_67' title='bbox 450 346 485 373; x_wconf 90' lang='lat' dir='ltr'><strong>B.</strong></span> <span class='ocrx_word' id='word_1_68' title='bbox 506 361 545 365; x_wconf 92' lang='lat'><strong>—-</strong></span> <span class='ocrx_word' id='word_1_69' title='bbox 569 345 623 381; x_wconf 92' lang='grc'><strong>53,</strong></span> <span class='ocrx_word' id='word_1_70' title='bbox 641 345 659 373; x_wconf 92' lang='grc'><strong>2</strong></span> <span class='ocrx_word' id='word_1_71' title='bbox 685 356 716 375; x_wconf 89' lang='lat' dir='ltr'><strong>es</strong></span> <span class='ocrx_word' id='word_1_72' title='bbox 741 349 927 376; x_wconf 84' lang='lat' dir='ltr'><strong>amoenitatis</strong></span> <span class='ocrx_word' id='word_1_73' title='bbox 946 349 978 376; x_wconf 89' lang='lat' dir='ltr'><strong>B.</strong></span> <span class='ocrx_word' id='word_1_74' title='bbox 1004 364 1043 368; x_wconf 89' lang='lat'>—</span> <span class='ocrx_word' id='word_1_75' title='bbox 1067 346 1124 384; x_wconf 87' lang='grc'><strong>53,</strong></span> <span class='ocrx_word' id='word_1_76' title='bbox 1146 345 1164 376; x_wconf 80' lang='lat'><strong>3</strong></span> <span class='ocrx_word' id='word_1_77' title='bbox 1187 348 1262 375; x_wconf 86' lang='lat' dir='ltr'><strong>fehlt</strong></span> <span class='ocrx_word' id='word_1_78' title='bbox 1280 349 1313 376; x_wconf 90' lang='lat' dir='ltr'><strong>B.</strong></span> <span class='ocrx_word' id='word_1_79' title='bbox 1339 362 1379 366; x_wconf 88' lang='lat'>—</span> <span class='ocrx_word' id='word_1_80' title='bbox 1406 346 1461 382; x_wconf 85' lang='lat' dir='ltr'><strong>6b,</strong></span> <span class='ocrx_word' id='word_1_81' title='bbox 1483 346 1500 375; x_wconf 82' lang='lat'>5</span> <span class='ocrx_word' id='word_1_82' title='bbox 1520 349 1566 375; x_wconf 82' lang='lat' dir='ltr'><strong>Tu</strong></span> 
     </span>
     <span class='ocr_line' id='line_1_7' title="bbox 247 382 1565 423; baseline 0.002 -13"><span class='ocrx_word' id='word_1_83' title='bbox 247 391 361 411; x_wconf 88' lang='lat' dir='ltr'><strong>summe</strong></span> <span class='ocrx_word' id='word_1_84' title='bbox 380 385 419 411; x_wconf 90' lang='lat' dir='ltr'><strong>A.</strong></span> <span class='ocrx_word' id='word_1_85' title='bbox 439 399 477 403; x_wconf 91' lang='lat'>—</span> <span class='ocrx_word' id='word_1_86' title='bbox 503 383 562 419; x_wconf 82' lang='lat'><strong>710,</strong></span> <span class='ocrx_word' id='word_1_87' title='bbox 583 382 601 412; x_wconf 95' lang='lat'><strong>3</strong></span> <span class='ocrx_word' id='word_1_88' title='bbox 622 388 651 413; x_wconf 80' lang='lat' dir='ltr'><strong>et</strong></span> <span class='ocrx_word' id='word_1_89' title='bbox 669 386 814 414; x_wconf 88' lang='lat' dir='ltr'>Dominus</span> <span class='ocrx_word' id='word_1_90' title='bbox 833 387 868 414; x_wconf 90' lang='lat' dir='ltr'><strong>A.</strong></span> <span class='ocrx_word' id='word_1_91' title='bbox 888 401 926 405; x_wconf 98' lang='lat'><strong>—</strong></span> <span class='ocrx_word' id='word_1_92' title='bbox 946 385 997 420; x_wconf 78' lang='lat' dir='ltr'><strong>Sa,</strong></span> <span class='ocrx_word' id='word_1_93' title='bbox 1021 384 1035 413; x_wconf 98' lang='grc'><strong>1</strong></span> <span class='ocrx_word' id='word_1_94' title='bbox 1057 387 1103 414; x_wconf 82' lang='lat' dir='ltr'><strong>Tu</strong></span> <span class='ocrx_word' id='word_1_95' title='bbox 1122 394 1181 415; x_wconf 84' lang='lat' dir='ltr'><strong>vox</strong></span> <span class='ocrx_word' id='word_1_96' title='bbox 1200 387 1233 414; x_wconf 90' lang='lat' dir='ltr'><strong>B.</strong></span> <span class='ocrx_word' id='word_1_97' title='bbox 1256 400 1293 405; x_wconf 90' lang='lat'>—</span> <span class='ocrx_word' id='word_1_98' title='bbox 1313 384 1365 419; x_wconf 81' lang='lat' dir='ltr'><strong>Sa,</strong></span> <span class='ocrx_word' id='word_1_99' title='bbox 1390 384 1408 413; x_wconf 85' lang='lat'><strong>2</strong></span> <span class='ocrx_word' id='word_1_100' title='bbox 1428 386 1565 423; x_wconf 84' lang='lat' dir='ltr'><strong>Organis-</strong></span> 
     </span>
     <span class='ocr_line' id='line_1_8' title="bbox 266 420 1566 458; baseline 0.002 -9"><span class='ocrx_word' id='word_1_101' title='bbox 266 430 304 449; x_wconf 86' lang='lat' dir='ltr'><strong>ue</strong></span> <span class='ocrx_word' id='word_1_102' title='bbox 323 422 357 449; x_wconf 89' lang='lat' dir='ltr'><strong>B.</strong></span> <span class='ocrx_word' id='word_1_103' title='bbox 384 437 421 441; x_wconf 96' lang='lat'><strong>—</strong></span> <span class='ocrx_word' id='word_1_104' title='bbox 452 420 513 456; x_wconf 91' lang='grc'><strong>83,</strong></span> <span class='ocrx_word' id='word_1_105' title='bbox 534 420 552 450; x_wconf 86' lang='lat'><strong>3</strong></span> <span class='ocrx_word' id='word_1_106' title='bbox 572 422 613 450; x_wconf 88' lang='lat' dir='ltr'><strong>Et</strong></span> <span class='ocrx_word' id='word_1_107' title='bbox 636 423 710 450; x_wconf 87' lang='lat' dir='ltr'><strong>fehlt</strong></span> <span class='ocrx_word' id='word_1_108' title='bbox 725 424 759 451; x_wconf 91' lang='lat' dir='ltr'><strong>B.</strong></span> <span class='ocrx_word' id='word_1_109' title='bbox 784 439 822 443; x_wconf 88' lang='lat'>—</span> <span class='ocrx_word' id='word_1_110' title='bbox 847 422 905 458; x_wconf 90' lang='grc'><strong>83,</strong></span> <span class='ocrx_word' id='word_1_111' title='bbox 927 423 947 452; x_wconf 88' lang='grc'>4</span> <span class='ocrx_word' id='word_1_112' title='bbox 965 425 1055 452; x_wconf 86' lang='lat' dir='ltr'><strong>Virus</strong></span> <span class='ocrx_word' id='word_1_113' title='bbox 1081 427 1111 452; x_wconf 91' lang='lat' dir='ltr'><strong>et</strong></span> <span class='ocrx_word' id='word_1_114' title='bbox 1129 425 1162 453; x_wconf 90' lang='lat' dir='ltr'><strong>B.</strong></span> <span class='ocrx_word' id='word_1_115' title='bbox 1189 438 1226 443; x_wconf 89' lang='lat'>—</span> <span class='ocrx_word' id='word_1_116' title='bbox 1252 422 1306 458; x_wconf 88' lang='lat' dir='ltr'><strong>8b,</strong></span> <span class='ocrx_word' id='word_1_117' title='bbox 1330 422 1345 451; x_wconf 92' lang='grc'><strong>1</strong></span> <span class='ocrx_word' id='word_1_118' title='bbox 1366 424 1454 452; x_wconf 88' lang='lat' dir='ltr'><strong>stella</strong></span> <span class='ocrx_word' id='word_1_119' title='bbox 1475 425 1507 452; x_wconf 88' lang='lat' dir='ltr'><strong>B.</strong></span> <span class='ocrx_word' id='word_1_120' title='bbox 1527 440 1566 444; x_wconf 91' lang='lat'><strong>—</strong></span> 
     </span>
     <span class='ocr_line' id='line_1_9' title="bbox 268 458 1564 497; baseline 0.002 -10"><span class='ocrx_word' id='word_1_121' title='bbox 268 460 294 494; x_wconf 86' lang='lat' dir='ltr'><strong>b,</strong></span> <span class='ocrx_word' id='word_1_122' title='bbox 315 458 336 487; x_wconf 92' lang='lat'>4</span> <span class='ocrx_word' id='word_1_123' title='bbox 355 462 480 488; x_wconf 83' lang='lat' dir='ltr'><strong>testatur</strong></span> <span class='ocrx_word' id='word_1_124' title='bbox 499 462 531 488; x_wconf 89' lang='lat' dir='ltr'><strong>in</strong></span> <span class='ocrx_word' id='word_1_125' title='bbox 553 461 675 488; x_wconf 81' lang='lat' dir='ltr'><strong>excelsis</strong></span> <span class='ocrx_word' id='word_1_126' title='bbox 696 462 731 489; x_wconf 95' lang='lat' dir='ltr'><strong>A.</strong></span> <span class='ocrx_word' id='word_1_127' title='bbox 751 477 788 482; x_wconf 84' lang='lat'>—</span> <span class='ocrx_word' id='word_1_128' title='bbox 809 461 863 497; x_wconf 79' lang='grc'>91),</span> <span class='ocrx_word' id='word_1_129' title='bbox 886 460 903 490; x_wconf 85' lang='grc'><strong>3</strong></span> <span class='ocrx_word' id='word_1_130' title='bbox 923 464 969 491; x_wconf 84' lang='lat' dir='ltr'><strong>Tu</strong></span> <span class='ocrx_word' id='word_1_131' title='bbox 988 462 1123 490; x_wconf 81' lang='lat' dir='ltr'><strong>viriditas</strong></span> <span class='ocrx_word' id='word_1_132' title='bbox 1144 470 1175 491; x_wconf 85' lang='lat' dir='ltr'><strong>es</strong></span> <span class='ocrx_word' id='word_1_133' title='bbox 1194 463 1337 490; x_wconf 83' lang='lat' dir='ltr'><strong>immensa</strong></span> <span class='ocrx_word' id='word_1_134' title='bbox 1356 462 1397 497; x_wconf 90' lang='lat' dir='ltr'><strong>A;</strong></span> <span class='ocrx_word' id='word_1_135' title='bbox 1417 463 1464 489; x_wconf 83' lang='lat' dir='ltr'><strong>Tu</strong></span> <span class='ocrx_word' id='word_1_136' title='bbox 1484 464 1564 489; x_wconf 89' lang='lat' dir='ltr'><strong>virus</strong></span> 
     </span>
     <span class='ocr_line' id='line_1_10' title="bbox 247 497 1567 534; baseline 0.002 -9"><span class='ocrx_word' id='word_1_137' title='bbox 247 506 278 525; x_wconf 85' lang='lat' dir='ltr'><strong>es</strong></span> <span class='ocrx_word' id='word_1_138' title='bbox 302 499 447 526; x_wconf 88' lang='lat' dir='ltr'><strong>immensa</strong></span> <span class='ocrx_word' id='word_1_139' title='bbox 465 498 500 525; x_wconf 93' lang='lat' dir='ltr'><strong>B.</strong></span> <span class='ocrx_word' id='word_1_140' title='bbox 521 513 557 517; x_wconf 90' lang='lat'>—</span> <span class='ocrx_word' id='word_1_141' title='bbox 581 497 616 526; x_wconf 90' lang='lat'><strong>10</strong></span> <span class='ocrx_word' id='word_1_142' title='bbox 625 507 655 532; x_wconf 88' lang='grc'><strong>3,</strong></span> <span class='ocrx_word' id='word_1_143' title='bbox 679 497 693 526; x_wconf 93' lang='grc'><strong>1</strong></span> <span class='ocrx_word' id='word_1_144' title='bbox 716 501 840 528; x_wconf 86' lang='lat' dir='ltr'><strong>castoris</strong></span> <span class='ocrx_word' id='word_1_145' title='bbox 860 501 894 528; x_wconf 91' lang='lat' dir='ltr'><strong>B.</strong></span> <span class='ocrx_word' id='word_1_146' title='bbox 915 516 953 520; x_wconf 89' lang='lat'>—</span> <span class='ocrx_word' id='word_1_147' title='bbox 974 499 1047 534; x_wconf 92' lang='grc'>103,</span> <span class='ocrx_word' id='word_1_148' title='bbox 1072 499 1090 527; x_wconf 90' lang='grc'><strong>2</strong></span> <span class='ocrx_word' id='word_1_149' title='bbox 1108 501 1150 528; x_wconf 87' lang='lat' dir='ltr'><strong>Et</strong></span> <span class='ocrx_word' id='word_1_150' title='bbox 1169 508 1271 528; x_wconf 86' lang='lat' dir='ltr'><strong>aurum</strong></span> <span class='ocrx_word' id='word_1_151' title='bbox 1292 509 1322 528; x_wconf 86' lang='lat' dir='ltr'><strong>es</strong></span> <span class='ocrx_word' id='word_1_152' title='bbox 1343 501 1376 528; x_wconf 92' lang='lat' dir='ltr'><strong>A.</strong></span> <span class='ocrx_word' id='word_1_153' title='bbox 1396 515 1436 519; x_wconf 93' lang='grc'><strong>--</strong></span> <span class='ocrx_word' id='word_1_154' title='bbox 1453 498 1526 534; x_wconf 88' lang='grc'>103,</span> <span class='ocrx_word' id='word_1_155' title='bbox 1547 498 1567 527; x_wconf 87' lang='grc'>4</span> 
     </span>
     <span class='ocr_line' id='line_1_11' title="bbox 248 535 1564 573; baseline 0.002 -10"><span class='ocrx_word' id='word_1_156' title='bbox 248 538 277 563; x_wconf 85' lang='lat' dir='ltr'><strong>et</strong></span> <span class='ocrx_word' id='word_1_157' title='bbox 296 537 460 564; x_wconf 85' lang='lat' dir='ltr'><strong>rectissima</strong></span> <span class='ocrx_word' id='word_1_158' title='bbox 479 536 514 563; x_wconf 92' lang='lat' dir='ltr'><strong>B.</strong></span> <span class='ocrx_word' id='word_1_159' title='bbox 539 550 576 555; x_wconf 87' lang='lat'>—</span> <span class='ocrx_word' id='word_1_160' title='bbox 607 535 683 573; x_wconf 84' lang='grc'>113,</span> <span class='ocrx_word' id='word_1_161' title='bbox 704 535 721 564; x_wconf 95' lang='grc'><strong>2</strong></span> <span class='ocrx_word' id='word_1_162' title='bbox 749 538 818 565; x_wconf 87' lang='lat' dir='ltr'><strong>doni</strong></span> <span class='ocrx_word' id='word_1_163' title='bbox 846 539 921 566; x_wconf 86' lang='lat' dir='ltr'><strong>fehlt</strong></span> <span class='ocrx_word' id='word_1_164' title='bbox 939 539 973 566; x_wconf 89' lang='lat' dir='ltr'><strong>A.</strong></span> <span class='ocrx_word' id='word_1_165' title='bbox 993 555 1032 559; x_wconf 90' lang='lat'><strong>-—</strong></span> <span class='ocrx_word' id='word_1_166' title='bbox 1053 537 1128 572; x_wconf 87' lang='grc'>111),</span> <span class='ocrx_word' id='word_1_167' title='bbox 1150 536 1166 565; x_wconf 89' lang='grc'><strong>1</strong></span> <span class='ocrx_word' id='word_1_168' title='bbox 1188 539 1212 567; x_wconf 94' lang='grc' dir='ltr'>Ο</span> <span class='ocrx_word' id='word_1_169' title='bbox 1233 541 1267 565; x_wconf 90' lang='lat' dir='ltr'><strong>tu</strong></span> <span class='ocrx_word' id='word_1_170' title='bbox 1287 538 1323 565; x_wconf 89' lang='lat' dir='ltr'><strong>de</strong></span> <span class='ocrx_word' id='word_1_171' title='bbox 1342 539 1377 566; x_wconf 91' lang='lat' dir='ltr'><strong>B.</strong></span> <span class='ocrx_word' id='word_1_172' title='bbox 1396 552 1436 557; x_wconf 92' lang='lat'><strong>-—</strong></span> <span class='ocrx_word' id='word_1_173' title='bbox 1457 536 1527 572; x_wconf 82' lang='grc'>123,</span> <span class='ocrx_word' id='word_1_174' title='bbox 1547 537 1564 565; x_wconf 80' lang='grc'>5</span> 
     </span>
     <span class='ocr_line' id='line_1_12' title="bbox 246 573 1566 611; baseline 0.002 -10"><span class='ocrx_word' id='word_1_175' title='bbox 246 575 319 602; x_wconf 84' lang='lat' dir='ltr'><strong>mite</strong></span> <span class='ocrx_word' id='word_1_176' title='bbox 344 575 556 602; x_wconf 77' lang='lat' dir='ltr'><strong>nutrimentum</strong></span> <span class='ocrx_word' id='word_1_177' title='bbox 575 575 609 602; x_wconf 91' lang='lat' dir='ltr'><strong>B.</strong></span> <span class='ocrx_word' id='word_1_178' title='bbox 634 590 674 594; x_wconf 96' lang='lat'>—</span> <span class='ocrx_word' id='word_1_179' title='bbox 700 573 776 609; x_wconf 92' lang='grc'>121),</span> <span class='ocrx_word' id='word_1_180' title='bbox 798 574 816 603; x_wconf 93' lang='grc'><strong>2</strong></span> <span class='ocrx_word' id='word_1_181' title='bbox 841 577 979 604; x_wconf 85' lang='lat' dir='ltr'><strong>decorum</strong></span> <span class='ocrx_word' id='word_1_182' title='bbox 998 578 1031 605; x_wconf 90' lang='lat' dir='ltr'><strong>B.</strong></span> <span class='ocrx_word' id='word_1_183' title='bbox 1052 593 1090 597; x_wconf 88' lang='lat'><strong>--</strong></span> <span class='ocrx_word' id='word_1_184' title='bbox 1112 575 1183 611; x_wconf 93' lang='grc'>121),</span> <span class='ocrx_word' id='word_1_185' title='bbox 1205 574 1222 604; x_wconf 87' lang='lat'><strong>3</strong></span> <span class='ocrx_word' id='word_1_186' title='bbox 1242 577 1320 611; x_wconf 80' lang='lat' dir='ltr'><strong>regis</strong></span> <span class='ocrx_word' id='word_1_187' title='bbox 1339 576 1374 604; x_wconf 90' lang='lat' dir='ltr'><strong>A.</strong></span> <span class='ocrx_word' id='word_1_188' title='bbox 1394 590 1434 595; x_wconf 88' lang='lat'>—</span> <span class='ocrx_word' id='word_1_189' title='bbox 1454 574 1525 610; x_wconf 81' lang='grc'>121),</span> <span class='ocrx_word' id='word_1_190' title='bbox 1546 574 1566 603; x_wconf 91' lang='lat'>4</span> 
     </span>
     <span class='ocr_line' id='line_1_13' title="bbox 246 611 1564 649; baseline 0.002 -10"><span class='ocrx_word' id='word_1_191' title='bbox 246 612 292 639; x_wconf 82' lang='lat' dir='ltr'><strong>Tu</strong></span> <span class='ocrx_word' id='word_1_192' title='bbox 315 621 418 640; x_wconf 87' lang='lat' dir='ltr'><strong>verum</strong></span> <span class='ocrx_word' id='word_1_193' title='bbox 447 615 476 640; x_wconf 89' lang='lat' dir='ltr'><strong>et</strong></span> <span class='ocrx_word' id='word_1_194' title='bbox 494 612 529 639; x_wconf 92' lang='grc' dir='ltr'><strong>Β.</strong></span> <span class='ocrx_word' id='word_1_195' title='bbox 554 628 593 632; x_wconf 94' lang='lat'><strong>—-</strong></span> <span class='ocrx_word' id='word_1_196' title='bbox 619 611 692 648; x_wconf 85' lang='lat' dir='ltr'><strong>13a,</strong></span> <span class='ocrx_word' id='word_1_197' title='bbox 714 611 731 640; x_wconf 93' lang='grc'><strong>2</strong></span> <span class='ocrx_word' id='word_1_198' title='bbox 750 615 796 642; x_wconf 83' lang='lat' dir='ltr'><strong>Tu</strong></span> <span class='ocrx_word' id='word_1_199' title='bbox 820 614 893 642; x_wconf 83' lang='lat' dir='ltr'><strong>fehlt</strong></span> <span class='ocrx_word' id='word_1_200' title='bbox 912 615 946 641; x_wconf 94' lang='lat' dir='ltr'><strong>A.</strong></span> <span class='ocrx_word' id='word_1_201' title='bbox 973 630 1012 634; x_wconf 89' lang='lat'>—</span> <span class='ocrx_word' id='word_1_202' title='bbox 1039 612 1113 649; x_wconf 70' lang='lat'>1312,</span> <span class='ocrx_word' id='word_1_203' title='bbox 1138 613 1156 642; x_wconf 93' lang='grc'><strong>2</strong></span> <span class='ocrx_word' id='word_1_204' title='bbox 1183 616 1223 641; x_wconf 87' lang='lat' dir='ltr'><strong>sit</strong></span> <span class='ocrx_word' id='word_1_205' title='bbox 1247 615 1323 642; x_wconf 91' lang='lat' dir='ltr'><strong>liber</strong></span> <span class='ocrx_word' id='word_1_206' title='bbox 1343 615 1376 643; x_wconf 93' lang='lat' dir='ltr'><strong>B.</strong></span> <span class='ocrx_word' id='word_1_207' title='bbox 1397 630 1434 635; x_wconf 86' lang='lat'><strong>—-</strong></span> <span class='ocrx_word' id='word_1_208' title='bbox 1455 612 1524 647; x_wconf 89' lang='grc'>143,</span> <span class='ocrx_word' id='word_1_209' title='bbox 1549 612 1564 641; x_wconf 95' lang='grc'><strong>1</strong></span> 
     </span>
     <span class='ocr_line' id='line_1_14' title="bbox 246 648 1561 688; baseline 0.002 -12"><span class='ocrx_word' id='word_1_210' title='bbox 246 649 448 678; x_wconf 86' lang='lat' dir='ltr'><strong>fortitudinem</strong></span> <span class='ocrx_word' id='word_1_211' title='bbox 468 651 503 678; x_wconf 91' lang='lat' dir='ltr'><strong>A.</strong></span> <span class='ocrx_word' id='word_1_212' title='bbox 530 664 568 669; x_wconf 85' lang='lat'><strong>—</strong></span> <span class='ocrx_word' id='word_1_213' title='bbox 595 648 663 685; x_wconf 85' lang='grc'>143,</span> <span class='ocrx_word' id='word_1_214' title='bbox 684 649 702 679; x_wconf 94' lang='grc'><strong>2</strong></span> <span class='ocrx_word' id='word_1_215' title='bbox 729 661 772 688; x_wconf 90' lang='lat' dir='ltr'><strong>sq.</strong></span> <span class='ocrx_word' id='word_1_216' title='bbox 798 652 895 680; x_wconf 82' lang='lat' dir='ltr'><strong>fehlen</strong></span> <span class='ocrx_word' id='word_1_217' title='bbox 915 653 949 680; x_wconf 91' lang='lat' dir='ltr'>A.</span> <span class='ocrx_word' id='word_1_218' title='bbox 977 669 1015 673; x_wconf 91' lang='lat'>—</span> <span class='ocrx_word' id='word_1_219' title='bbox 1042 651 1108 687; x_wconf 85' lang='lat' dir='ltr'><strong>l4a,</strong></span> <span class='ocrx_word' id='word_1_220' title='bbox 1131 652 1149 681; x_wconf 87' lang='grc'>5</span> <span class='ocrx_word' id='word_1_221' title='bbox 1176 652 1255 680; x_wconf 86' lang='lat' dir='ltr'><strong>fatur</strong></span> <span class='ocrx_word' id='word_1_222' title='bbox 1274 652 1308 679; x_wconf 92' lang='lat' dir='ltr'>A.</span> <span class='ocrx_word' id='word_1_223' title='bbox 1334 667 1374 672; x_wconf 91' lang='lat'>—</span> <span class='ocrx_word' id='word_1_224' title='bbox 1394 650 1462 686; x_wconf 87' lang='grc'>141),</span> <span class='ocrx_word' id='word_1_225' title='bbox 1485 650 1503 678; x_wconf 93' lang='grc'><strong>2</strong></span> <span class='ocrx_word' id='word_1_226' title='bbox 1522 653 1561 680; x_wconf 81' lang='lat' dir='ltr'><strong>Te</strong></span> 
     </span>
     <span class='ocr_line' id='line_1_15' title="bbox 247 687 1564 727; baseline 0.002 -12"><span class='ocrx_word' id='word_1_227' title='bbox 247 688 336 723; x_wconf 86' lang='lat' dir='ltr'><strong>paulo</strong></span> <span class='ocrx_word' id='word_1_228' title='bbox 365 688 533 724; x_wconf 74' lang='lat' dir='ltr'><strong>speculatus</strong></span> <span class='ocrx_word' id='word_1_229' title='bbox 551 688 588 716; x_wconf 89' lang='lat' dir='ltr'><strong>A.</strong></span> <span class='ocrx_word' id='word_1_230' title='bbox 607 704 646 708; x_wconf 89' lang='lat'><strong>-—</strong></span> <span class='ocrx_word' id='word_1_231' title='bbox 667 687 734 724; x_wconf 88' lang='grc'>153,</span> <span class='ocrx_word' id='word_1_232' title='bbox 758 691 772 717; x_wconf 91' lang='grc'><strong>1</strong></span> <span class='ocrx_word' id='word_1_233' title='bbox 793 691 839 718; x_wconf 82' lang='lat' dir='ltr'><strong>Tu</strong></span> <span class='ocrx_word' id='word_1_234' title='bbox 865 692 958 726; x_wconf 87' lang='lat' dir='ltr'><strong>patris</strong></span> <span class='ocrx_word' id='word_1_235' title='bbox 979 692 1114 727; x_wconf 85' lang='lat' dir='ltr'><strong>potentia</strong></span> <span class='ocrx_word' id='word_1_236' title='bbox 1132 692 1170 719; x_wconf 87' lang='lat' dir='ltr'><strong>A.</strong></span> <span class='ocrx_word' id='word_1_237' title='bbox 1190 704 1228 709; x_wconf 86' lang='lat'><strong>—</strong></span> <span class='ocrx_word' id='word_1_238' title='bbox 1250 689 1284 718; x_wconf 86' lang='grc'><strong>15</strong></span> <span class='ocrx_word' id='word_1_239' title='bbox 1292 699 1317 724; x_wconf 82' lang='grc'><strong>3,</strong></span> <span class='ocrx_word' id='word_1_240' title='bbox 1339 688 1357 718; x_wconf 86' lang='lat'><strong>3</strong></span> <span class='ocrx_word' id='word_1_241' title='bbox 1377 690 1564 727; x_wconf 85' lang='lat' dir='ltr'><strong>providentia</strong></span> 
     </span>
     <span class='ocr_line' id='line_1_16' title="bbox 246 725 1564 763; baseline 0.002 -11"><span class='ocrx_word' id='word_1_242' title='bbox 246 726 280 753; x_wconf 93' lang='lat' dir='ltr'><strong>A.</strong></span> <span class='ocrx_word' id='word_1_243' title='bbox 310 741 348 744; x_wconf 97' lang='lat'><strong>—</strong></span> <span class='ocrx_word' id='word_1_244' title='bbox 379 725 450 760; x_wconf 83' lang='grc'>151),</span> <span class='ocrx_word' id='word_1_245' title='bbox 471 726 488 753; x_wconf 83' lang='grc'><strong>’7</strong></span> <span class='ocrx_word' id='word_1_246' title='bbox 508 735 568 754; x_wconf 90' lang='lat' dir='ltr'><strong>non</strong></span> <span class='ocrx_word' id='word_1_247' title='bbox 588 728 700 755; x_wconf 85' lang='lat' dir='ltr'><strong>satiant</strong></span> <span class='ocrx_word' id='word_1_248' title='bbox 718 729 753 755; x_wconf 91' lang='lat' dir='ltr'><strong>A.</strong></span> <span class='ocrx_word' id='word_1_249' title='bbox 774 744 811 748; x_wconf 90' lang='lat'>—</span> <span class='ocrx_word' id='word_1_250' title='bbox 832 727 903 763; x_wconf 90' lang='grc'>161),</span> <span class='ocrx_word' id='word_1_251' title='bbox 928 728 941 756; x_wconf 96' lang='grc'><strong>1</strong></span> <span class='ocrx_word' id='word_1_252' title='bbox 964 731 995 757; x_wconf 91' lang='lat' dir='ltr'><strong>tu</strong></span> <span class='ocrx_word' id='word_1_253' title='bbox 1015 738 1069 757; x_wconf 89' lang='lat' dir='ltr'><strong>nos</strong></span> <span class='ocrx_word' id='word_1_254' title='bbox 1089 729 1122 757; x_wconf 91' lang='lat' dir='ltr'><strong>B.</strong></span> <span class='ocrx_word' id='word_1_255' title='bbox 1142 744 1181 749; x_wconf 89' lang='lat'><strong>-—</strong></span> <span class='ocrx_word' id='word_1_256' title='bbox 1202 726 1272 763; x_wconf 84' lang='grc'>173,</span> <span class='ocrx_word' id='word_1_257' title='bbox 1293 728 1313 756; x_wconf 84' lang='grc'>4</span> <span class='ocrx_word' id='word_1_258' title='bbox 1331 729 1384 757; x_wconf 88' lang='lat' dir='ltr'><strong>ubi</strong></span> <span class='ocrx_word' id='word_1_259' title='bbox 1404 729 1485 756; x_wconf 87' lang='lat' dir='ltr'><strong>salus</strong></span> <span class='ocrx_word' id='word_1_260' title='bbox 1505 737 1564 756; x_wconf 87' lang='lat' dir='ltr'><strong>non</strong></span> 
     </span>
     <span class='ocr_line' id='line_1_17' title="bbox 248 762 710 801; baseline 0.004 -10"><span class='ocrx_word' id='word_1_261' title='bbox 248 764 284 791; x_wconf 92' lang='lat' dir='ltr'><strong>A.</strong></span> <span class='ocrx_word' id='word_1_262' title='bbox 305 781 341 784; x_wconf 97' lang='lat'><strong>—</strong></span> <span class='ocrx_word' id='word_1_263' title='bbox 364 762 433 800; x_wconf 86' lang='lat' dir='ltr'><strong>17b‚</strong></span> <span class='ocrx_word' id='word_1_264' title='bbox 455 762 473 793; x_wconf 87' lang='lat'><strong>3</strong></span> <span class='ocrx_word' id='word_1_265' title='bbox 493 773 537 801; x_wconf 86' lang='lat' dir='ltr'>sq.</span> <span class='ocrx_word' id='word_1_266' title='bbox 556 765 656 793; x_wconf 85' lang='lat' dir='ltr'><strong>fehlen</strong></span> <span class='ocrx_word' id='word_1_267' title='bbox 675 766 710 793; x_wconf 91' lang='lat' dir='ltr'><strong>A.</strong></span> 
     </span>
    </p>
   </div>
   <div class='ocr_carea' id='block_1_3' title="bbox 729 885 1078 918">
    <p class='ocr_par' dir='ltr' id='par_1_3' title="bbox 729 885 1078 918">
     <span class='ocr_line' id='line_1_18' title="bbox 729 885 1078 918; baseline 0.003 -2"><span class='ocrx_word' id='word_1_268' title='bbox 729 886 756 916; x_wconf 82' lang='lat'><strong>2.</strong></span> <span class='ocrx_word' id='word_1_269' title='bbox 785 886 829 917; x_wconf 86' lang='lat' dir='ltr'><strong>De</strong></span> <span class='ocrx_word' id='word_1_270' title='bbox 850 894 890 917; x_wconf 85' lang='lat' dir='ltr'><strong>ss.</strong></span> <span class='ocrx_word' id='word_1_271' title='bbox 912 885 1078 918; x_wconf 77' lang='lat' dir='ltr'><strong>Trinitate.</strong></span> 
     </span>
    </p>
   </div>
   <div class='ocr_carea' id='block_1_4' title="bbox 255 962 1547 2325">
    <p class='ocr_par' dir='ltr' id='par_1_4' title="bbox 255 962 1547 2085">
     <span class='ocr_line' id='line_1_19' title="bbox 263 962 1319 1008; baseline -0.002 -10"><span class='ocrx_word' id='word_1_272' title='bbox 263 967 294 999; x_wconf 92' lang='lat'><strong>1.</strong></span> <span class='ocrx_word' id='word_1_273' title='bbox 322 962 522 998; x_wconf 83' lang='lat' dir='ltr'><strong>Tremendus</strong></span> <span class='ocrx_word' id='word_1_274' title='bbox 551 966 585 997; x_wconf 88' lang='lat' dir='ltr'><strong>in</strong></span> <span class='ocrx_word' id='word_1_275' title='bbox 610 966 762 1008; x_wconf 83' lang='lat' dir='ltr'><strong>potentia,</strong></span> <span class='ocrx_word' id='word_1_276' title='bbox 949 967 980 999; x_wconf 89' lang='lat'>5.</span> <span class='ocrx_word' id='word_1_277' title='bbox 1006 963 1046 999; x_wconf 91' lang='lat' dir='ltr'><strong>In</strong></span> <span class='ocrx_word' id='word_1_278' title='bbox 1072 966 1191 998; x_wconf 79' lang='lat' dir='ltr'><strong>deitate</strong></span> <span class='ocrx_word' id='word_1_279' title='bbox 1215 965 1319 997; x_wconf 88' lang='lat' dir='ltr'><strong>socius</strong></span> 
     </span>
     <span class='ocr_line' id='line_1_20' title="bbox 368 1012 1434 1053; baseline 0 -9"><span class='ocrx_word' id='word_1_280' title='bbox 368 1012 481 1045; x_wconf 83' lang='lat' dir='ltr'><strong>Suavis</strong></span> <span class='ocrx_word' id='word_1_281' title='bbox 506 1013 539 1044; x_wconf 91' lang='lat' dir='ltr'><strong>in</strong></span> <span class='ocrx_word' id='word_1_282' title='bbox 565 1022 682 1052; x_wconf 85' lang='lat' dir='ltr'><strong>amore,</strong></span> <span class='ocrx_word' id='word_1_283' title='bbox 1055 1013 1117 1045; x_wconf 87' lang='lat' dir='ltr'><strong>Est</strong></span> <span class='ocrx_word' id='word_1_284' title='bbox 1142 1012 1273 1052; x_wconf 83' lang='lat' dir='ltr'><strong>spiritus</strong></span> <span class='ocrx_word' id='word_1_285' title='bbox 1298 1013 1434 1053; x_wconf 85' lang='lat' dir='ltr'><strong>utrique,</strong></span> 
     </span>
     <span class='ocr_line' id='line_1_21' title="bbox 322 1060 1452 1099; baseline 0 -7"><span class='ocrx_word' id='word_1_286' title='bbox 322 1060 382 1099; x_wconf 78' lang='lat' dir='ltr'><strong>Qui</strong></span> <span class='ocrx_word' id='word_1_287' title='bbox 409 1063 523 1092; x_wconf 87' lang='lat' dir='ltr'><strong>cuncta</strong></span> <span class='ocrx_word' id='word_1_288' title='bbox 549 1063 638 1092; x_wconf 89' lang='lat' dir='ltr'><strong>creat</strong></span> <span class='ocrx_word' id='word_1_289' title='bbox 662 1061 747 1092; x_wconf 83' lang='lat' dir='ltr'><strong>entia</strong></span> <span class='ocrx_word' id='word_1_290' title='bbox 1007 1061 1188 1092; x_wconf 82' lang='lat' dir='ltr'><strong>Procedens</strong></span> <span class='ocrx_word' id='word_1_291' title='bbox 1214 1069 1305 1091; x_wconf 88' lang='lat' dir='ltr'><strong>amor</strong></span> <span class='ocrx_word' id='word_1_292' title='bbox 1328 1061 1452 1092; x_wconf 86' lang='lat' dir='ltr'><strong>medius</strong></span> 
     </span>
     <span class='ocr_line' id='line_1_22' title="bbox 370 1104 1444 1149; baseline 0 -10"><span class='ocrx_word' id='word_1_293' title='bbox 370 1108 518 1140; x_wconf 89' lang='lat' dir='ltr'><strong>Mirabili</strong></span> <span class='ocrx_word' id='word_1_294' title='bbox 543 1108 667 1149; x_wconf 85' lang='lat' dir='ltr'><strong>decore,</strong></span> <span class='ocrx_word' id='word_1_295' title='bbox 1054 1108 1134 1140; x_wconf 85' lang='lat' dir='ltr'><strong>Fert</strong></span> <span class='ocrx_word' id='word_1_296' title='bbox 1158 1104 1294 1147; x_wconf 82' lang='lat' dir='ltr'><strong>gratiam</strong></span> <span class='ocrx_word' id='word_1_297' title='bbox 1317 1107 1444 1148; x_wconf 87' lang='lat' dir='ltr'><strong>ubique,</strong></span> 
     </span>
     <span class='ocr_line' id='line_1_23' title="bbox 319 1155 1423 1195; baseline 0 -8"><span class='ocrx_word' id='word_1_298' title='bbox 319 1155 384 1187; x_wconf 89' lang='lat' dir='ltr'><strong>Hic</strong></span> <span class='ocrx_word' id='word_1_299' title='bbox 407 1155 565 1187; x_wconf 86' lang='lat' dir='ltr'><strong>indivisus</strong></span> <span class='ocrx_word' id='word_1_300' title='bbox 589 1155 693 1187; x_wconf 88' lang='lat' dir='ltr'><strong>trinus</strong></span> <span class='ocrx_word' id='word_1_301' title='bbox 719 1157 768 1187; x_wconf 90' lang='lat' dir='ltr'><strong>est</strong></span> <span class='ocrx_word' id='word_1_302' title='bbox 1009 1156 1156 1195; x_wconf 84' lang='lat' dir='ltr'><strong>Septenis</strong></span> <span class='ocrx_word' id='word_1_303' title='bbox 1181 1155 1214 1186; x_wconf 92' lang='lat' dir='ltr'><strong>in</strong></span> <span class='ocrx_word' id='word_1_304' title='bbox 1239 1155 1423 1187; x_wconf 86' lang='lat' dir='ltr'><strong>muneribus</strong></span> 
     </span>
     <span class='ocr_line' id='line_1_24' title="bbox 320 1201 1406 1243; baseline 0 -9"><span class='ocrx_word' id='word_1_305' title='bbox 320 1203 371 1234; x_wconf 88' lang='lat' dir='ltr'><strong>Ac</strong></span> <span class='ocrx_word' id='word_1_306' title='bbox 399 1201 584 1235; x_wconf 87' lang='lat' dir='ltr'><strong>inconfusus</strong></span> <span class='ocrx_word' id='word_1_307' title='bbox 609 1212 690 1235; x_wconf 90' lang='lat' dir='ltr'><strong>unus</strong></span> <span class='ocrx_word' id='word_1_308' title='bbox 716 1205 765 1234; x_wconf 91' lang='lat' dir='ltr'><strong>est</strong></span> <span class='ocrx_word' id='word_1_309' title='bbox 1008 1204 1163 1243; x_wconf 85' lang='lat' dir='ltr'><strong>Purgatos</strong></span> <span class='ocrx_word' id='word_1_310' title='bbox 1189 1211 1209 1234; x_wconf 88' lang='lat' dir='ltr'><strong>a</strong></span> <span class='ocrx_word' id='word_1_311' title='bbox 1233 1202 1406 1234; x_wconf 82' lang='lat' dir='ltr'><strong>sceleribus</strong></span> 
     </span>
     <span class='ocr_line' id='line_1_25' title="bbox 369 1250 1416 1292; baseline 0 -9"><span class='ocrx_word' id='word_1_312' title='bbox 369 1251 639 1292; x_wconf 89' lang='lat' dir='ltr'><strong>Incomprehenso</strong></span> <span class='ocrx_word' id='word_1_313' title='bbox 664 1259 762 1283; x_wconf 88' lang='lat' dir='ltr'><strong>more.</strong></span> <span class='ocrx_word' id='word_1_314' title='bbox 1054 1250 1156 1282; x_wconf 87' lang='lat' dir='ltr'><strong>Saluti</strong></span> <span class='ocrx_word' id='word_1_315' title='bbox 1180 1250 1235 1281; x_wconf 83' lang='lat' dir='ltr'><strong>dat</strong></span> <span class='ocrx_word' id='word_1_316' title='bbox 1260 1250 1416 1290; x_wconf 84' lang='lat' dir='ltr'><strong>antiquae.</strong></span> 
     </span>
     <span class='ocr_line' id='line_1_26' title="bbox 262 1304 1450 1350; baseline 0 -11"><span class='ocrx_word' id='word_1_317' title='bbox 262 1308 294 1341; x_wconf 85' lang='lat'>2.</span> <span class='ocrx_word' id='word_1_318' title='bbox 322 1304 506 1347; x_wconf 86' lang='lat' dir='ltr'><strong>Requirunt</strong></span> <span class='ocrx_word' id='word_1_319' title='bbox 529 1308 719 1339; x_wconf 82' lang='lat' dir='ltr'><strong>naturaliter</strong></span> <span class='ocrx_word' id='word_1_320' title='bbox 947 1308 978 1340; x_wconf 90' lang='lat'><strong>6.</strong></span> <span class='ocrx_word' id='word_1_321' title='bbox 1005 1304 1175 1340; x_wconf 81' lang='lat' dir='ltr'><strong>Triformis</strong></span> <span class='ocrx_word' id='word_1_322' title='bbox 1200 1306 1287 1338; x_wconf 90' lang='lat' dir='ltr'><strong>Deus</strong></span> <span class='ocrx_word' id='word_1_323' title='bbox 1311 1307 1450 1350; x_wconf 88' lang='lat' dir='ltr'><strong>nomine,</strong></span> 
     </span>
     <span class='ocr_line' id='line_1_27' title="bbox 371 1354 1433 1397; baseline 0 -11"><span class='ocrx_word' id='word_1_324' title='bbox 371 1354 486 1387; x_wconf 86' lang='lat' dir='ltr'><strong>Creata</strong></span> <span class='ocrx_word' id='word_1_325' title='bbox 511 1357 696 1397; x_wconf 83' lang='lat' dir='ltr'><strong>creatorem,</strong></span> <span class='ocrx_word' id='word_1_326' title='bbox 1053 1354 1232 1387; x_wconf 85' lang='lat' dir='ltr'><strong>Conformis</strong></span> <span class='ocrx_word' id='word_1_327' title='bbox 1256 1355 1433 1396; x_wconf 84' lang='lat' dir='ltr'><strong>maiestate,</strong></span> 
     </span>
     <span class='ocr_line' id='line_1_28' title="bbox 324 1402 1426 1443; baseline 0 -10"><span class='ocrx_word' id='word_1_328' title='bbox 324 1402 392 1442; x_wconf 79' lang='lat' dir='ltr'><strong>Qua</strong></span> <span class='ocrx_word' id='word_1_329' title='bbox 416 1402 525 1435; x_wconf 87' lang='lat' dir='ltr'><strong>valent</strong></span> <span class='ocrx_word' id='word_1_330' title='bbox 548 1402 645 1434; x_wconf 88' lang='lat' dir='ltr'><strong>laude</strong></span> <span class='ocrx_word' id='word_1_331' title='bbox 670 1402 793 1442; x_wconf 87' lang='lat' dir='ltr'><strong>pariter</strong></span> <span class='ocrx_word' id='word_1_332' title='bbox 1008 1402 1133 1434; x_wconf 85' lang='lat' dir='ltr'><strong>Virtute</strong></span> <span class='ocrx_word' id='word_1_333' title='bbox 1157 1411 1217 1443; x_wconf 89' lang='lat' dir='ltr'><strong>par</strong></span> <span class='ocrx_word' id='word_1_334' title='bbox 1242 1404 1275 1433; x_wconf 91' lang='lat' dir='ltr'><strong>et</strong></span> <span class='ocrx_word' id='word_1_335' title='bbox 1298 1403 1426 1434; x_wconf 89' lang='lat' dir='ltr'><strong>numine</strong></span> 
     </span>
     <span class='ocr_line' id='line_1_29' title="bbox 365 1449 1409 1492; baseline 0 -11"><span class='ocrx_word' id='word_1_336' title='bbox 365 1449 481 1482; x_wconf 88' lang='lat' dir='ltr'><strong>Eidem</strong></span> <span class='ocrx_word' id='word_1_337' title='bbox 509 1450 587 1482; x_wconf 88' lang='lat' dir='ltr'><strong>dant</strong></span> <span class='ocrx_word' id='word_1_338' title='bbox 611 1450 772 1490; x_wconf 86' lang='lat' dir='ltr'><strong>honorem,</strong></span> <span class='ocrx_word' id='word_1_339' title='bbox 1053 1449 1118 1482; x_wconf 88' lang='lat' dir='ltr'><strong>Sub</strong></span> <span class='ocrx_word' id='word_1_340' title='bbox 1144 1450 1230 1481; x_wconf 83' lang='lat' dir='ltr'><strong>vocis</strong></span> <span class='ocrx_word' id='word_1_341' title='bbox 1254 1450 1409 1492; x_wconf 84' lang='lat' dir='ltr'><strong>trinitate,</strong></span> 
     </span>
     <span class='ocr_line' id='line_1_30' title="bbox 321 1497 1445 1541; baseline 0.001 -12"><span class='ocrx_word' id='word_1_342' title='bbox 321 1497 363 1529; x_wconf 90' lang='lat' dir='ltr'><strong>Se</strong></span> <span class='ocrx_word' id='word_1_343' title='bbox 389 1498 528 1529; x_wconf 87' lang='lat' dir='ltr'><strong>clamant</strong></span> <span class='ocrx_word' id='word_1_344' title='bbox 551 1498 686 1537; x_wconf 77' lang='lat' dir='ltr'><strong>pulchre</strong></span> <span class='ocrx_word' id='word_1_345' title='bbox 711 1497 849 1541; x_wconf 77' lang='lat' dir='ltr'><strong>condita,</strong></span> <span class='ocrx_word' id='word_1_346' title='bbox 1005 1498 1155 1530; x_wconf 87' lang='lat' dir='ltr'><strong>Personis</strong></span> <span class='ocrx_word' id='word_1_347' title='bbox 1181 1499 1230 1528; x_wconf 88' lang='lat' dir='ltr'><strong>est</strong></span> <span class='ocrx_word' id='word_1_348' title='bbox 1252 1498 1445 1540; x_wconf 86' lang='lat' dir='ltr'><strong>proprietas,</strong></span> 
     </span>
     <span class='ocr_line' id='line_1_31' title="bbox 320 1544 1327 1588; baseline -0.001 -11"><span class='ocrx_word' id='word_1_349' title='bbox 320 1544 469 1578; x_wconf 82' lang='lat' dir='ltr'><strong>Suaviter</strong></span> <span class='ocrx_word' id='word_1_350' title='bbox 494 1545 662 1588; x_wconf 83' lang='lat' dir='ltr'><strong>disposita,</strong></span> <span class='ocrx_word' id='word_1_351' title='bbox 1004 1544 1196 1578; x_wconf 86' lang='lat' dir='ltr'><strong>Essentialis</strong></span> <span class='ocrx_word' id='word_1_352' title='bbox 1220 1545 1327 1576; x_wconf 88' lang='lat' dir='ltr'><strong>unitas</strong></span> 
     </span>
     <span class='ocr_line' id='line_1_32' title="bbox 370 1592 1409 1634; baseline 0 -10"><span class='ocrx_word' id='word_1_353' title='bbox 370 1592 435 1625; x_wconf 86' lang='lat' dir='ltr'><strong>Sed</strong></span> <span class='ocrx_word' id='word_1_354' title='bbox 459 1593 563 1634; x_wconf 89' lang='lat' dir='ltr'><strong>ipsum</strong></span> <span class='ocrx_word' id='word_1_355' title='bbox 589 1593 815 1633; x_wconf 78' lang='lat' dir='ltr'><strong>pulchriorem.</strong></span> <span class='ocrx_word' id='word_1_356' title='bbox 1055 1593 1126 1625; x_wconf 81' lang='lat' dir='ltr'><strong>Stat</strong></span> <span class='ocrx_word' id='word_1_357' title='bbox 1150 1592 1184 1625; x_wconf 90' lang='lat' dir='ltr'><strong>in</strong></span> <span class='ocrx_word' id='word_1_358' title='bbox 1209 1593 1409 1628; x_wconf 81' lang='lat' dir='ltr'><strong>aeternitate.</strong></span> 
     </span>
     <span class='ocr_line' id='line_1_33' title="bbox 264 1646 1448 1691; baseline -0.001 -8"><span class='ocrx_word' id='word_1_359' title='bbox 264 1651 295 1683; x_wconf 86' lang='lat'>3.</span> <span class='ocrx_word' id='word_1_360' title='bbox 321 1646 361 1683; x_wconf 91' lang='lat' dir='ltr'><strong>In</strong></span> <span class='ocrx_word' id='word_1_361' title='bbox 388 1650 486 1682; x_wconf 83' lang='lat' dir='ltr'><strong>corde</strong></span> <span class='ocrx_word' id='word_1_362' title='bbox 509 1653 603 1691; x_wconf 86' lang='lat' dir='ltr'><strong>pater</strong></span> <span class='ocrx_word' id='word_1_363' title='bbox 627 1650 735 1691; x_wconf 86' lang='lat' dir='ltr'><strong>genuit</strong></span> <span class='ocrx_word' id='word_1_364' title='bbox 948 1651 979 1684; x_wconf 81' lang='lat'><strong>7.</strong></span> <span class='ocrx_word' id='word_1_365' title='bbox 1005 1648 1168 1691; x_wconf 84' lang='lat' dir='ltr'><strong>Abyssum</strong></span> <span class='ocrx_word' id='word_1_366' title='bbox 1192 1651 1301 1682; x_wconf 87' lang='lat' dir='ltr'><strong>tantae</strong></span> <span class='ocrx_word' id='word_1_367' title='bbox 1326 1650 1448 1690; x_wconf 84' lang='lat' dir='ltr'><strong>gloriae</strong></span> 
     </span>
     <span class='ocr_line' id='line_1_34' title="bbox 368 1698 1473 1742; baseline 0.001 -13"><span class='ocrx_word' id='word_1_368' title='bbox 368 1698 544 1738; x_wconf 86' lang='lat' dir='ltr'><strong>Aequalem</strong></span> <span class='ocrx_word' id='word_1_369' title='bbox 569 1698 631 1730; x_wconf 88' lang='lat' dir='ltr'><strong>sibi</strong></span> <span class='ocrx_word' id='word_1_370' title='bbox 655 1698 787 1742; x_wconf 80' lang='lat' dir='ltr'><strong>prolem,</strong></span> <span class='ocrx_word' id='word_1_371' title='bbox 1052 1698 1126 1731; x_wconf 83' lang='lat' dir='ltr'><strong>Non</strong></span> <span class='ocrx_word' id='word_1_372' title='bbox 1150 1698 1236 1730; x_wconf 89' lang='lat' dir='ltr'><strong>valet</strong></span> <span class='ocrx_word' id='word_1_373' title='bbox 1260 1698 1331 1738; x_wconf 87' lang='lat' dir='ltr'><strong>quis</strong></span> <span class='ocrx_word' id='word_1_374' title='bbox 1356 1698 1473 1742; x_wconf 85' lang='lat' dir='ltr'><strong>metiri⁷</strong></span> 
     </span>
     <span class='ocr_line' id='line_1_35' title="bbox 320 1745 1374 1786; baseline 0 -9"><span class='ocrx_word' id='word_1_375' title='bbox 320 1745 389 1784; x_wconf 79' lang='lat' dir='ltr'><strong>Qua</strong></span> <span class='ocrx_word' id='word_1_376' title='bbox 413 1746 504 1785; x_wconf 87' lang='lat' dir='ltr'><strong>polos</strong></span> <span class='ocrx_word' id='word_1_377' title='bbox 530 1746 612 1778; x_wconf 87' lang='lat' dir='ltr'><strong>caeli</strong></span> <span class='ocrx_word' id='word_1_378' title='bbox 632 1746 744 1778; x_wconf 88' lang='lat' dir='ltr'><strong>statuit</strong></span> <span class='ocrx_word' id='word_1_379' title='bbox 1006 1746 1167 1779; x_wconf 85' lang='lat' dir='ltr'><strong>Resiliunt</strong></span> <span class='ocrx_word' id='word_1_380' title='bbox 1190 1746 1374 1786; x_wconf 87' lang='lat' dir='ltr'><strong>memoriae,</strong></span> 
     </span>
     <span class='ocr_line' id='line_1_36' title="bbox 370 1793 1433 1836; baseline 0.001 -11"><span class='ocrx_word' id='word_1_381' title='bbox 370 1793 450 1826; x_wconf 87' lang='lat' dir='ltr'><strong>Cum</strong></span> <span class='ocrx_word' id='word_1_382' title='bbox 475 1793 571 1826; x_wconf 88' lang='lat' dir='ltr'><strong>astris</strong></span> <span class='ocrx_word' id='word_1_383' title='bbox 596 1794 714 1836; x_wconf 83' lang='lat' dir='ltr'><strong>lunam,</strong></span> <span class='ocrx_word' id='word_1_384' title='bbox 738 1794 847 1834; x_wconf 88' lang='lat' dir='ltr'><strong>solem,</strong></span> <span class='ocrx_word' id='word_1_385' title='bbox 1054 1794 1187 1828; x_wconf 85' lang='lat' dir='ltr'><strong>Gordati</strong></span> <span class='ocrx_word' id='word_1_386' title='bbox 1212 1796 1339 1826; x_wconf 89' lang='lat' dir='ltr'><strong>cessant</strong></span> <span class='ocrx_word' id='word_1_387' title='bbox 1361 1794 1433 1834; x_wconf 87' lang='lat' dir='ltr'><strong>viri,</strong></span> 
     </span>
     <span class='ocr_line' id='line_1_37' title="bbox 318 1840 1547 1882; baseline -0.001 -8"><span class='ocrx_word' id='word_1_388' title='bbox 318 1841 358 1874; x_wconf 89' lang='lat' dir='ltr'><strong>In</strong></span> <span class='ocrx_word' id='word_1_389' title='bbox 383 1844 472 1873; x_wconf 88' lang='lat' dir='ltr'><strong>terra</strong></span> <span class='ocrx_word' id='word_1_390' title='bbox 496 1842 570 1882; x_wconf 89' lang='lat' dir='ltr'><strong>iuga</strong></span> <span class='ocrx_word' id='word_1_391' title='bbox 593 1842 757 1882; x_wconf 89' lang='lat' dir='ltr'><strong>montium,</strong></span> <span class='ocrx_word' id='word_1_392' title='bbox 1005 1842 1101 1875; x_wconf 85' lang='lat' dir='ltr'><strong>Haud</strong></span> <span class='ocrx_word' id='word_1_393' title='bbox 1127 1842 1244 1874; x_wconf 88' lang='lat' dir='ltr'><strong>ardens</strong></span> <span class='ocrx_word' id='word_1_394' title='bbox 1269 1841 1393 1882; x_wconf 88' lang='lat' dir='ltr'><strong>Seraph</strong></span> <span class='ocrx_word' id='word_1_395' title='bbox 1419 1840 1547 1881; x_wconf 88' lang='lat' dir='ltr'><strong>sufficit,</strong></span> 
     </span>
     <span class='ocr_line' id='line_1_38' title="bbox 319 1888 1485 1931; baseline 0 -10"><span class='ocrx_word' id='word_1_396' title='bbox 319 1889 492 1931; x_wconf 84' lang='lat' dir='ltr'><strong>Abyssum‚</strong></span> <span class='ocrx_word' id='word_1_397' title='bbox 518 1890 606 1923; x_wconf 87' lang='lat' dir='ltr'><strong>rivos</strong></span> <span class='ocrx_word' id='word_1_398' title='bbox 628 1888 762 1922; x_wconf 88' lang='lat' dir='ltr'><strong>fontium</strong></span> <span class='ocrx_word' id='word_1_399' title='bbox 1005 1891 1155 1923; x_wconf 83' lang='lat' dir='ltr'><strong>Humana</strong></span> <span class='ocrx_word' id='word_1_400' title='bbox 1175 1898 1265 1921; x_wconf 89' lang='lat' dir='ltr'><strong>mens</strong></span> <span class='ocrx_word' id='word_1_401' title='bbox 1289 1889 1351 1922; x_wconf 88' lang='lat' dir='ltr'><strong>hoc</strong></span> <span class='ocrx_word' id='word_1_402' title='bbox 1376 1888 1485 1922; x_wconf 89' lang='lat' dir='ltr'><strong>deficit</strong></span> 
     </span>
     <span class='ocr_line' id='line_1_39' title="bbox 363 1937 1432 1979; baseline 0 -10"><span class='ocrx_word' id='word_1_403' title='bbox 363 1937 518 1978; x_wconf 88' lang='lat' dir='ltr'><strong>Vastique</strong></span> <span class='ocrx_word' id='word_1_404' title='bbox 541 1938 653 1970; x_wconf 90' lang='lat' dir='ltr'><strong>mundi</strong></span> <span class='ocrx_word' id='word_1_405' title='bbox 678 1938 805 1971; x_wconf 86' lang='lat' dir='ltr'><strong>molem.</strong></span> <span class='ocrx_word' id='word_1_406' title='bbox 1048 1939 1102 1971; x_wconf 91' lang='lat' dir='ltr'><strong>Ad</strong></span> <span class='ocrx_word' id='word_1_407' title='bbox 1126 1938 1256 1979; x_wconf 77' lang='lat' dir='ltr'><strong>plenum</strong></span> <span class='ocrx_word' id='word_1_408' title='bbox 1281 1938 1432 1978; x_wconf 81' lang='lat' dir='ltr'><strong>experiri.</strong></span> 
     </span>
     <span class='ocr_line' id='line_1_40' title="bbox 255 1991 1424 2038; baseline 0 -11"><span class='ocrx_word' id='word_1_409' title='bbox 255 1995 289 2027; x_wconf 87' lang='lat'>4.</span> <span class='ocrx_word' id='word_1_410' title='bbox 315 1991 474 2030; x_wconf 77' lang='lat' dir='ltr'><strong>Naturam</strong></span> <span class='ocrx_word' id='word_1_411' title='bbox 497 1995 680 2036; x_wconf 87' lang='lat' dir='ltr'><strong>unigenitus</strong></span> <span class='ocrx_word' id='word_1_412' title='bbox 947 1998 978 2030; x_wconf 88' lang='lat'><strong>8.</strong></span> <span class='ocrx_word' id='word_1_413' title='bbox 1007 1993 1159 2031; x_wconf 87' lang='lat' dir='ltr'><strong>Sublimis</strong></span> <span class='ocrx_word' id='word_1_414' title='bbox 1184 1995 1271 2027; x_wconf 89' lang='lat' dir='ltr'><strong>Deus</strong></span> <span class='ocrx_word' id='word_1_415' title='bbox 1298 1995 1424 2038; x_wconf 85' lang='lat' dir='ltr'><strong>caritas,</strong></span> 
     </span>
     <span class='ocr_line' id='line_1_41' title="bbox 365 2043 1362 2085; baseline 0 -10"><span class='ocrx_word' id='word_1_416' title='bbox 365 2043 438 2075; x_wconf 86' lang='lat' dir='ltr'><strong>Non</strong></span> <span class='ocrx_word' id='word_1_417' title='bbox 466 2044 617 2076; x_wconf 89' lang='lat' dir='ltr'><strong>deserens</strong></span> <span class='ocrx_word' id='word_1_418' title='bbox 641 2046 808 2085; x_wconf 85' lang='lat' dir='ltr'><strong>paternam</strong></span> <span class='ocrx_word' id='word_1_419' title='bbox 1054 2045 1079 2078; x_wconf 93' lang='grc' dir='ltr'><strong>Ο</strong></span> <span class='ocrx_word' id='word_1_420' title='bbox 1104 2044 1233 2077; x_wconf 87' lang='lat' dir='ltr'><strong>trinitas</strong></span> <span class='ocrx_word' id='word_1_421' title='bbox 1258 2043 1362 2084; x_wconf 87' lang='lat' dir='ltr'><strong>beata,</strong></span> 
     </span>
    </p>

    <p class='ocr_par' dir='ltr' id='par_1_5' title="bbox 312 2091 1432 2231">
     <span class='ocr_line' id='line_1_42' title="bbox 317 2091 1407 2126; baseline -0.001 -3"><span class='ocrx_word' id='word_1_422' title='bbox 317 2091 371 2123; x_wconf 91' lang='lat' dir='ltr'><strong>Ad</strong></span> <span class='ocrx_word' id='word_1_423' title='bbox 396 2094 538 2123; x_wconf 90' lang='lat' dir='ltr'><strong>nostram</strong></span> <span class='ocrx_word' id='word_1_424' title='bbox 564 2092 652 2125; x_wconf 86' lang='lat' dir='ltr'><strong>venit</strong></span> <span class='ocrx_word' id='word_1_425' title='bbox 678 2092 811 2124; x_wconf 88' lang='lat' dir='ltr'><strong>caelitus</strong></span> <span class='ocrx_word' id='word_1_426' title='bbox 1005 2092 1177 2126; x_wconf 87' lang='lat' dir='ltr'><strong>Servorum</strong></span> <span class='ocrx_word' id='word_1_427' title='bbox 1199 2094 1255 2123; x_wconf 87' lang='lat' dir='ltr'><strong>tua</strong></span> <span class='ocrx_word' id='word_1_428' title='bbox 1278 2091 1407 2123; x_wconf 84' lang='lat' dir='ltr'><strong>bonitas</strong></span> 
     </span>
     <span class='ocr_line' id='line_1_43' title="bbox 363 2139 1389 2181; baseline 0 -10"><span class='ocrx_word' id='word_1_429' title='bbox 363 2139 551 2172; x_wconf 87' lang='lat' dir='ltr'><strong>Misericors</strong></span> <span class='ocrx_word' id='word_1_430' title='bbox 578 2149 758 2181; x_wconf 83' lang='lat' dir='ltr'><strong>cavernam,</strong></span> <span class='ocrx_word' id='word_1_431' title='bbox 1051 2141 1222 2180; x_wconf 70' lang='lat' dir='ltr'><strong>indulgeat</strong></span> <span class='ocrx_word' id='word_1_432' title='bbox 1245 2142 1389 2181; x_wconf 85' lang='lat' dir='ltr'><strong>peccata,</strong></span> 
     </span>
     <span class='ocr_line' id='line_1_44' title="bbox 312 2187 1432 2231; baseline 0 -13"><span class='ocrx_word' id='word_1_433' title='bbox 312 2187 460 2219; x_wconf 86' lang='lat' dir='ltr'><strong>Peccatis</strong></span> <span class='ocrx_word' id='word_1_434' title='bbox 490 2196 548 2220; x_wconf 90' lang='lat' dir='ltr'><strong>nos</strong></span> <span class='ocrx_word' id='word_1_435' title='bbox 573 2188 757 2231; x_wconf 88' lang='lat' dir='ltr'><strong>purificans,</strong></span> <span class='ocrx_word' id='word_1_436' title='bbox 1006 2189 1131 2221; x_wconf 87' lang='lat' dir='ltr'><strong>Nociva</strong></span> <span class='ocrx_word' id='word_1_437' title='bbox 1156 2190 1273 2220; x_wconf 80' lang='lat' dir='ltr'><strong>cuncta</strong></span> <span class='ocrx_word' id='word_1_438' title='bbox 1295 2195 1432 2230; x_wconf 79' lang='lat' dir='ltr'><strong>remove,</strong></span> 
     </span>
    </p>

    <p class='ocr_par' dir='ltr' id='par_1_6' title="bbox 310 2234 1416 2325">
     <span class='ocr_line' id='line_1_45' title="bbox 310 2234 1367 2275; baseline -0.001 -8"><span class='ocrx_word' id='word_1_439' title='bbox 310 2235 479 2270; x_wconf 79' lang='lat' dir='ltr'><strong>Miseriam</strong></span> <span class='ocrx_word' id='word_1_440' title='bbox 502 2235 699 2269; x_wconf 87' lang='lat' dir='ltr'><strong>mortificans</strong></span> <span class='ocrx_word' id='word_1_441' title='bbox 1004 2237 1136 2271; x_wconf 84' lang='lat' dir='ltr'><strong>Auxilio</strong></span> <span class='ocrx_word' id='word_1_442' title='bbox 1161 2244 1219 2268; x_wconf 88' lang='lat' dir='ltr'><strong>nos</strong></span> <span class='ocrx_word' id='word_1_443' title='bbox 1245 2234 1367 2275; x_wconf 83' lang='lat' dir='ltr'><strong>refove,</strong></span> 
     </span>
     <span class='ocr_line' id='line_1_46' title="bbox 355 2283 1416 2325; baseline -0.001 -10"><span class='ocrx_word' id='word_1_444' title='bbox 355 2283 401 2316; x_wconf 88' lang='lat' dir='ltr'><strong>Et</strong></span> <span class='ocrx_word' id='word_1_445' title='bbox 425 2286 561 2316; x_wconf 86' lang='lat' dir='ltr'><strong>mortem</strong></span> <span class='ocrx_word' id='word_1_446' title='bbox 586 2285 824 2325; x_wconf 86' lang='lat' dir='ltr'><strong>sempiternam.</strong></span> <span class='ocrx_word' id='word_1_447' title='bbox 1051 2285 1104 2318; x_wconf 90' lang='lat' dir='ltr'><strong>Da</strong></span> <span class='ocrx_word' id='word_1_448' title='bbox 1128 2284 1271 2325; x_wconf 83' lang='lat' dir='ltr'><strong>praemia</strong></span> <span class='ocrx_word' id='word_1_449' title='bbox 1296 2284 1416 2323; x_wconf 85' lang='lat' dir='ltr'><strong>optata.</strong></span> 
     </span>
    </p>
   </div>
   <div class='ocr_carea' id='block_1_5' title="bbox 238 2357 1561 2429">
    <p class='ocr_par' dir='ltr' id='par_1_7' title="bbox 238 2357 1561 2429">
     <span class='ocr_line' id='line_1_47' title="bbox 238 2357 1561 2426; baseline -0.001 -39"><span class='ocrx_word' id='word_1_450' title='bbox 238 2399 264 2426; x_wconf 77' lang='grc' dir='ltr'><strong>Τ</strong></span> <span class='ocrx_word' id='word_1_451' title='bbox 282 2398 289 2404; x_wconf 51' lang='grc'><em>.</em></span> <span class='ocrx_word' id='word_1_452' title='bbox 314 2358 396 2426; x_wconf 47' lang='grc' dir='ltr'><strong>ξπ,</strong></span> <span class='ocrx_word' id='word_1_453' title='bbox 417 2368 471 2388; x_wconf 87' lang='lat' dir='ltr'><strong>ms.</strong></span> <span class='ocrx_word' id='word_1_454' title='bbox 496 2359 661 2397; x_wconf 85' lang='lat' dir='ltr'><strong>Campense</strong></span> <span class='ocrx_word' id='word_1_455' title='bbox 681 2362 753 2389; x_wconf 86' lang='lat' dir='ltr'><strong>anni</strong></span> <span class='ocrx_word' id='word_1_456' title='bbox 774 2359 857 2390; x_wconf 91' lang='grc'>1462.</span> <span class='ocrx_word' id='word_1_457' title='bbox 889 2361 957 2390; x_wconf 84' lang='lat' dir='ltr'>Cod.</span> <span class='ocrx_word' id='word_1_458' title='bbox 978 2361 1196 2390; x_wconf 85' lang='lat' dir='ltr'><strong>Darmstadien.</strong></span> <span class='ocrx_word' id='word_1_459' title='bbox 1218 2357 1282 2387; x_wconf 87' lang='grc'>521.</span> <span class='ocrx_word' id='word_1_460' title='bbox 1296 2373 1335 2378; x_wconf 83' lang='lat'><strong>-—</strong></span> <span class='ocrx_word' id='word_1_461' title='bbox 1350 2358 1561 2386; x_wconf 86' lang='lat' dir='ltr'><strong>Acrostichon:</strong></span> 
     </span>
     <span class='ocr_line' id='line_1_48' title="bbox 265 2406 381 2429; baseline -0.009 -3"><span class='ocrx_word' id='word_1_462' title='bbox 265 2406 324 2426; x_wconf 75' lang='lat' dir='ltr'><strong>rim</strong></span> <span class='ocrx_word' id='word_1_463' title='bbox 358 2407 381 2429; x_wconf 77' lang='lat' dir='ltr'>s.</span> 
     </span>
    </p>
   </div>
  </div>
 </body>
</html>
