1651 2606
126 547 156 579 ρο

643 73 876 108 -12-

505 168 533 200 3.
566 169 607 199 De
627 165 827 199 sanctissima
846 162 1010 196 [trinitate.

147 277 153 283 .
180 248 295 285 Fidem
320 252 461 283 sanctam
485 247 705 287 orthodoxam,

182 298 228 331 Ut
251 298 347 332 vitem
372 300 533 330 aeternam
556 303 682 335 noxam,

228 346 346 378 Fateor
369 345 538 384 veraciter,

179 393 307 433 Dicens,
332 392 418 433 quod
441 393 490 424 est
512 398 592 422 unus
618 389 715 427 DeuS,

181 440 253 472 Non
277 440 395 480 plures,
420 442 457 471 ut
479 437 684 472 Manichacus

228 487 325 520 Errat
350 485 582 519 damnabiliter.

183 541 250 577 Iste
272 543 358 576 Deus
383 541 562 581 aeternalis,

182 592 280 623 Pater
305 592 409 622 exstat
432 588 586 622 naturalis

232 636 419 670 Generando
443 635 543 669 filium

182 685 327 717 Eundem
351 685 384 716 in
411 684 537 726 deitate,

183 731 245 764 Sed
267 735 371 763 tamen
396 730 595 771 proprietate

228 778 392 812 Personali
416 779 524 810 alium.

147 861 154 868 .
179 832 230 868 De
254 843 390 877 persona
411 834 564 875 genitoris

181 882 260 914 Exit
284 891 343 921 per
367 883 494 914 modum
520 880 700 920 splendoris

229 929 292 961 Dei
317 929 417 968 patris
442 928 536 969 filius,

183 976 229 1008 Ut
253 977 375 1016 genitus
400 986 420 1007 a
444 976 600 1017 gignente,

181 1023 269 1055 Sicut
293 1024 424 1055 verbum
449 1032 468 1054 a
493 1022 619 1053 dicente

228 1070 273 1102 Et
296 1079 315 1101 a
340 1069 428 1102 fonte
451 1068 574 1103 fluvius.

184 1122 247 1159 Est
272 1128 305 1158 in
328 1127 408 1166 ipsis
432 1127 481 1158 vis
505 1126 619 1165 activa,

186 1173 271 1212 Quae
297 1177 425 1206 vocatur
450 1173 612 1214 spirativa,

233 1222 300 1260 Qua
324 1221 470 1260 procedit
493 1220 588 1252 tertia

187 1267 335 1307 Persona,
362 1277 423 1308 qua
448 1268 653 1299 conectuntur

187 1315 289 1357 Pater,
316 1316 421 1354 proles
447 1317 479 1346 et
503 1312 650 1345 fmuntur

232 1362 400 1401 Coaequali
424 1361 535 1401 gloria.

151 1444 157 1451 .
185 1414 266 1451 Sunt
293 1418 384 1450 unius
411 1418 591 1458 voluntatis,

184 1466 248 1497 Per
276 1474 368 1506 quam
395 1465 472 1496 dant
496 1464 591 1495 rebus
619 1464 734 1496 creatis

230 1513 320 1552 Esse,
347 1521 451 1554 posse,
478 1520 583 1551 agere,

187 1558 313 1597 Cuncta,
341 1568 421 1599 quae
445 1562 519 1590 sunt
544 1561 575 1589 et
594 1556 733 1598 fuerunt,

185 1606 237 1638 Ab
262 1606 311 1638 his
336 1607 437 1639 tribus
462 1607 649 1645 inceperunt

230 1653 321 1694 Esse,
348 1653 405 1686 sed
430 1662 468 1685 ex
493 1655 644 1694 tempore.

185 1706 337 1743 Mundum
366 1712 481 1749 purgat
505 1718 522 1740 a
547 1709 687 1749 peccatis

184 1756 294 1789 Virtus
324 1759 452 1788 sanctae
475 1756 638 1796 trinitatis,

234 1804 292 1836 Cui
316 1813 351 1835 se
376 1803 592 1844 communicat,

185 1851 276 1892 Quia,
294 1859 364 1882 cuni
381 1851 425 1883 sit
439 1859 593 1882 summum
606 1850 734 1891 bonum,

187 1898 276 1931 Nulli
298 1903 393 1939 negat
417 1908 507 1930 suum
534 1899 659 1939 donum,

235 1945 300 1978 Sed
324 1954 430 1977 omnes
456 1945 643 1978 sanctificat.

152 2028 159 2035 .
185 1999 229 2036 Et
254 2005 327 2043 post.
348 2002 439 2034 huius
464 2003 549 2034 vitae
574 2001 681 2035 flatum

185 2050 365 2083 Resuscitat
387 2051 580 2090 integratum

233 2098 394 2130 Mortuum
419 2097 459 2128 de
478 2098 621 2137 pulvere,

185 2146 367 2178 Pei-ducens
392 2145 433 2177 ad
459 2145 554 2176 talem
581 2147 707 2188 statum,

185 2192 243 2232 Qui
268 2192 344 2225 facit
369 2193 471 2232 ipsum
496 2192 622 2225 beatum

231 2239 306 2272 Sine
329 2239 392 2272 fine
416 2240 533 2274 vivere,

825 247 856 278 8.

804 834 858 866 10.

802 1126 858 1158 11.

805 1418 858 1452 12.

805 1711 860 1744 13.

806 2005 861 2038 14.

883 240 1002 278 Adhuc
1027 242 1123 275 credo
1149 251 1228 275 sana
1253 243 1370 281 mente,

882 291 974 331 Quod
998 291 1110 330 angelo
1135 290 1302 322 nuntiante

931 338 1071 371 Verbum
1100 345 1173 369 caro
1199 335 1319 369 factum
1345 338 1404 377 est,

881 386 1073 426 Mysterium
1097 383 1177 418 facti
1202 385 1284 416 tanti

886 434 1014 466 Virtute
1043 432 1176 473 spiritus
1202 432 1303 466 sancti

931 479 1082 513 Perfecte
1108 480 1300 521 completum
1327 481 1385 512 est.

853 565 860 572 .
886 535 969 573 Huic
994 538 1079 570 addo
1104 536 1170 569 fide
1191 536 1255 578 pia,

885 585 976 625 Quod
1003 586 1043 617 de
1067 585 1192 624 virgine
1215 583 1324 616 Maria

932 635 1022 666 Iesus
1047 632 1191 665 Christus
1215 632 1366 674 nascitur,

883 680 928 714 Ut
952 682 1124 721 loquuntur
1148 679 1349 720 prophetiae,

883 727 929 761 Et
953 729 987 760 in
1011 727 1095 759 libro
1119 728 1226 759 Isaiae

932 773 1105 807 Manifeste
1130 774 1293 810 scribitur,

884 829 967 867 Erat
990 833 1085 864 homo
1111 839 1205 863 verus
1229 831 1328 873 Deus,

880 880 943 919 Qui
971 882 1007 911 ut
1030 879 1186 911 liberetur
1209 887 1293 918 reus,

930 926 1032 958 Morti
1057 935 1092 958 se
1117 925 1272 969 exposuit,

885 974 1058 1014 ludicatus,
1084 972 1273 1014 flagellatus,

884 1021 1033 1053 Patibulo
1055 1020 1283 1053 condemnatus

932 1068 1086 1109 Spiritum
1117 1068 1273 1108 deposuit.

884 1122 979 1160 Cuius
1004 1125 1072 1156 vita
1096 1128 1314 1157 consummata

883 1173 1001 1205 Anima
1025 1171 1203 1212 glorificata

931 1220 1109 1252 Descendit
1132 1220 1174 1251 ad
1199 1217 1332 1262 inferos,

884 1266 1034 1300 Infideles
1059 1266 1258 1307 reprobavit,

884 1316 989 1348 Iustos
1015 1322 1122 1346 omnes
1148 1314 1308 1358 liberavit,

932 1361 1165 1401 Derelinquens
1193 1364 1325 1394 ceteros,

884 1415 1069 1459 Exsurgens
1094 1418 1192 1450 tertia
1217 1418 1269 1450 die

888 1466 1107 1498 Praesentavit
1130 1474 1165 1497 se
1189 1465 1315 1498 Mariae

932 1513 977 1544 Et
1001 1513 1065 1545 suis
1093 1513 1269 1554 discipulis,

887 1560 1031 1593 Probans
1057 1561 1324 1593 resurrectionem

889 1607 1000 1640 Carnis
1026 1616 1084 1646 per
1109 1616 1200 1640 suum
1225 1617 1402 1642 sermonem

931 1654 978 1686 Et
1001 1655 1109 1687 multis
1129 1656 1301 1691 miraculis.

887 1709 943 1745 Sic
968 1720 1065 1751 opere
1092 1716 1307 1746 consummato

885 1759 930 1791 Et
949 1759 1077 1794 homine
1099 1763 1249 1800 reparato

934 1806 996 1838 Die
1021 1808 1262 1848 quadragesimo

891 1854 993 1894 Super
1019 1855 1124 1887 caelos
1150 1856 1295 1888 elevatur

886 1901 930 1933 Et
954 1902 986 1933 in
1011 1901 1125 1935 throno
1151 1904 1328 1936 collocatur

935 1949 1088 1990 Aequalis
1112 1950 1278 1983 altissimo.

889 2003 1033 2039 Tandem
1058 2007 1100 2039 ad
1125 2016 1182 2039 nos
1204 2016 1402 2050 reversurus,

889 2054 1041 2086 Patenter
1063 2055 1261 2088 iudicaturus

936 2100 1038 2133 Facta
1061 2102 1123 2134 iam
1149 2105 1336 2148 praeterita,

886 2147 991 2180 Malos
1017 2150 1150 2183 trudens
1174 2151 1209 2184 in
1233 2151 1407 2193 infernum,

889 2195 986 2228 Bonis
1010 2196 1087 2229 dans
1107 2207 1239 2238 regnum
1259 2203 1424 2232 aeternum

935 2244 1030 2277 quta
1055 2254 1111 2278 sua
1138 2247 1261 2281 merita.

191 2315 260 2342 Cod.
280 2317 409 2343 Duacen.
437 2312 492 2343 396
515 2322 590 2343 saec.
619 2313 662 2342 15.
689 2330 727 2336 ——
754 2314 795 2351 12,
820 2315 834 2343 1
855 2318 1021 2355 Resurgens
1043 2334 1079 2339 —
1098 2321 1308 2350 Aerostiehon:
1336 2323 1424 2354 Fides

113 2362 179 2381 mea
197 2350 295 2390 h[a]ee
316 2357 367 2382 est.
