1651 2606
146 194 198 228 15.

148 398 204 431 16.

150 602 203 635 17.

150 806 205 839 18.

150 1010 206 1042 19.

151 1214 208 1246 20.

154 1418 210 1450 21.

153 1622 207 1656 22.

151 1829 205 1861 23.

151 2034 208 2067 24.

149 2241 204 2273 25.

671 90 906 129 *39-

226 193 366 234 Grepant
390 194 530 236 scribae,
562 191 728 234 pontifices

225 241 269 273 Et
292 240 454 281 pharisaei
479 243 589 282 nocui,

227 288 310 321 Dum
338 298 397 328 per
416 298 579 321 sermones
600 289 760 329 simplices

228 336 271 368 Se
294 335 394 369 falsos
421 341 555 370 cernunt
580 338 680 378 argui.

229 397 304 430 Tibi
328 401 444 438 parant
468 398 603 432 insidias

230 446 275 477 Et
299 447 412 485 optant
436 448 468 477 te
494 451 689 483 consumere,

231 493 297 525 Per
322 491 468 525 fraudem
494 495 527 523 et
548 491 727 524 blanditias

230 540 392 579 Quaerunt
416 540 449 571 in
475 540 573 571 verbo
599 545 724 578 capere.

231 602 371 633 Tentant
397 600 436 633 de
462 608 557 632 censu
584 598 738 638 Caesaris,

233 649 347 681 Casum
373 649 495 688 ponunt
521 647 699 689 adulterae,

230 695 282 727 Ab
308 695 381 727 aliis
405 697 441 726 tu
464 695 628 735 quaereris

233 742 365 783 Signum
390 743 430 774 de
457 742 543 775 caelo
569 741 686 775 facere.

231 805 279 837 Te
302 803 388 836 fabri
415 804 525 835 dicunt
548 801 659 844 filium,

231 851 478 884 Publicanorum
502 850 633 891 socium,

230 899 475 939 Samaritanum,
503 898 624 930 ebrium

229 947 275 979 Et
298 946 417 979 habere
442 946 652 978 daemonium.

233 1008 306 1040 Non
332 1011 364 1039 te
388 1008 499 1039 tenent
522 1005 667 1044 iniuriae,

235 1055 317 1095 Quin
341 1054 406 1086 illis
432 1053 624 1093 benefacias,

233 1103 301 1134 Nec
325 1104 432 1134 artant
457 1106 489 1134 te
513 1100 675 1141 penuriae,

229 1150 364 1190 incepta
388 1149 464 1189 quin
488 1148 648 1191 perficias.

232 1212 364 1244 Morbos
391 1210 481 1251 fugas
508 1213 540 1242 et
565 1210 743 1251 daemoneS,

232 1257 409 1291 Defunctos
433 1257 513 1290 facis
538 1259 656 1299 vivere,

232 1306 296 1339 Sed
323 1305 475 1338 obstinati
499 1305 641 1337 homines

234 1354 304 1386 Nec
328 1353 426 1394 signis
449 1353 560 1386 volunt
585 1351 726 1384 credere.

235 1416 352 1448 Mortis
377 1417 450 1447 tuae
476 1424 546 1446 cum
572 1413 728 1446 fratribus

236 1464 336 1496 Cenas
360 1463 501 1495 instante
526 1467 670 1502 tempore

234 1511 279 1544 Et
302 1510 401 1551 pedes
426 1510 515 1543 lavas
540 1510 685 1542 omnibus

233 1559 278 1591 Et
302 1562 356 1591 tuo
384 1559 470 1592 cibas
497 1566 641 1598 corpore.

233 1621 279 1653 Et
301 1620 435 1653 mandas
460 1620 567 1652 verbis
594 1619 740 1651 dulcibus

233 1668 276 1701 Se
297 1668 436 1701 invicem
461 1668 594 1708 diligere

232 1716 278 1749 Et
301 1716 414 1748 mundi
437 1715 638 1755 passionibus

234 1764 388 1797 Valenter
414 1764 512 1796 corda
536 1762 683 1798 subdere,

232 1827 377 1859 Tandem
404 1826 569 1866 completis
594 1824 738 1857 omnibus

230 1874 396 1907 Mandatis
420 1874 500 1914 legis
526 1873 643 1906 veteris

231 1923 277 1955 Et
297 1923 367 1955 Deo
394 1922 478 1955 datis
503 1921 652 1954 laudibus

232 1971 370 2004 Hortum
397 1970 481 2011 petis
508 1978 578 2001 cum
605 1969 729 2003 ceteriS.

234 2034 377 2066 Ventura
403 2033 507 2065 sciens
532 2032 628 2064 sociis

235 2081 325 2114 Dicis
352 2089 445 2113 orare
470 2080 592 2124 vigiles,

234 2128 285 2161 Ne
309 2129 411 2161 hostis
438 2137 507 2160 cum
532 2128 659 2162 insidiis

230 2176 300 2210 Vos
326 2179 429 2209 tentet
454 2185 550 2209 carne
574 2174 717 2217 fragiles.

229 2239 275 2272 Et
296 2241 347 2271 ter
363 2241 570 2279 prosternens
588 2238 765 2279 supplicem

231 2287 310 2320 Oras
336 2290 460 2328 patrem
488 2287 535 2319 sic
560 2287 700 2319 humile:

231 2337 261 2368 A
286 2345 338 2368 me
361 2333 503 2369 transfer
521 2334 607 2367 hunc
625 2335 765 2378 calicem,

229 2383 264 2417 Si
291 2384 338 2417 vis
365 2388 397 2416 et
421 2386 471 2416 est
495 2382 658 2425 possibile.

836 193 890 227 26.

835 398 892 429 27.

833 600 887 634 28.

837 805 891 838 29.

835 1006 890 1039 30.

834 1209 891 1243 31.

837 1414 893 1447 32.

834 1621 889 1654 33.

838 1825 893 1859 34.

838 2240 893 2272 36.

916 192 961 225 Et
984 194 1072 225 venis
1098 194 1139 226 ad
1167 190 1340 234 discipulos

918 239 1074 273 Gravatos
1099 241 1317 278 somnolentia,

916 286 979 319 Ter
1004 287 1091 327 preci
1116 287 1195 320 facis
1219 288 1346 320 sedulos

916 334 1017 366 Orans
1041 342 1147 367 mente
1172 336 1276 368 anxia.

918 397 962 429 Et
985 397 1082 428 sudas
1106 399 1191 428 totus
1215 396 1368 437 sanguine

916 444 1118 484 Propinquae
1142 443 1254 476 mortis
1278 444 1394 485 taedio,

917 491 980 523 Sed
1009 491 1112 532 angeli
1133 491 1285 523 solamine

915 537 1069 571 FirmarIS
1094 538 1127 570 in
1152 539 1212 570 hoc
1236 538 1368 578 proelio.

915 600 1024 642 Surgis
1051 603 1081 632 et
1106 600 1197 632 vadis
1224 600 1348 631 obviam

914 648 1057 681 Armatis
1082 654 1114 678 te
1138 647 1361 688 quaerentibus

916 695 960 728 Et
982 704 1094 736 pacem
1119 695 1220 728 Iudae
1243 694 1371 726 noxiam

916 741 1033 775 Verbis
1059 745 1238 774 monstrans
1262 741 1442 775 humilibus,

918 804 1024 836 Verbo
1049 805 1226 844 prosternis
1248 804 1388 836 aemulos

916 850 1002 883 Tuos
1028 855 1060 882 et
1084 849 1165 882 facis
1190 859 1331 892 surgere,

915 897 960 929 Et
983 897 1133 938 prohibes
1162 898 1334 937 discipulos

920 944 1065 977 Volentes
1090 947 1123 976 te
1150 944 1332 977 defendere.

916 1005 1045 1038 Malcho
1069 1014 1177 1038 sanam
1203 1006 1377 1038 auriculam

915 1053 1049 1095 Reddis,
1075 1055 1149 1094 post
1178 1053 1275 1085 dicis:
1302 1053 1397 1084 sinite

916 1100 1010 1133 Hanc
1034 1100 1124 1132 abire
1147 1100 1374 1141 pauperculam

916 1147 1058 1180 Turbam
1081 1157 1194 1188 meam,
1219 1156 1271 1181 me
1296 1148 1409 1188 capite.

917 1210 1008 1242 Tunc
1031 1210 1176 1242 videntes
1202 1209 1362 1250 discipuli,

918 1258 1007 1297 Quod
1034 1260 1068 1289 tu
1095 1256 1225 1289 defendi
1250 1257 1367 1297 renuis,

915 1306 955 1338 In
980 1304 1087 1344 fugam
1113 1314 1147 1336 se
1174 1305 1251 1337 dant
1275 1303 1402 1336 tremuli

916 1352 961 1384 Et
984 1355 1017 1384 te
1040 1352 1224 1392 relinquunt
1247 1352 1367 1384 nocuis.

919 1413 1051 1454 Ligatus
1073 1412 1277 1454 pontificibus

917 1461 1120 1494 Perti-aberis
1152 1461 1335 1502 crudeliter,

917 1511 946 1542 A
972 1508 1062 1542 falsis
1087 1508 1134 1541 ibi
1158 1508 1292 1542 testibus

916 1557 1087 1589 Accusaris
1112 1556 1320 1590 mendaciter.

916 1617 1080 1660 Affligeris
1106 1618 1324 1659 blasphemiis,

916 1666 1057 1708 iniuriis,
1084 1666 1286 1706 clamoribus,

918 1715 1037 1755 Sputis,
1064 1715 1190 1755 palmiS,
1217 1713 1401 1756 opprobriis

918 1764 1026 1803 Atque
1052 1762 1139 1795 duris
1165 1762 1363 1795 verberibus.

919 1824 1018 1857 Mane
1040 1825 1146 1857 Pilato
1174 1824 1299 1856 duceris

921 1873 1054 1904 Vinctus
1079 1874 1114 1904 ut
1137 1873 1221 1905 latro
1246 1871 1402 1911 pessimus

920 1920 972 1953 Ab
998 1920 1206 1960 omnibusque
1233 1919 1348 1952 diceris

918 1968 1036 2001 Mortis
1062 1964 1162 2013 es[se]
1189 1968 1402 2009 dignissimus,

888 2057 895 2064 .
921 2032 969 2064 Te
997 2031 1120 2064 Pilatus
1143 2031 1305 2063 innoxium

921 2079 1041 2111 Videns
1067 2080 1192 2120 quaerit
1217 2078 1387 2118 dimittere,

920 2127 974 2160 Ad
998 2126 1172 2167 Herodem,
1199 2129 1231 2158 te
1256 2125 1384 2157 anxium

921 2175 1051 2215 Videre,
1074 2174 1154 2207 facit
1179 2174 1305 2208 ducere,

920 2238 1066 2271 Herodes
1096 2236 1219 2277 sprevit
1242 2236 1358 2275 impius

922 2286 969 2318 Te
995 2286 1133 2319 vestiens
1158 2287 1194 2316 ut
1217 2283 1393 2323 simplicem

922 2334 1091 2373 Pilatoque
1117 2336 1151 2364 te
1175 2332 1268 2363 eitius

925 2382 1028 2414 Mittit
1053 2385 1085 2412 et
1108 2389 1173 2420 pax
1197 2378 1235 2411 fit
1258 2378 1405 2413 invicem,
