1651 2606
709 85 969 121 -193—

197 181 252 214 15.
280 180 402 225 Gaude,
429 181 539 215 iuncta
563 181 629 215 filio

330 228 437 261 Caelis
463 230 614 272 exaltata,

280 276 469 309 Sanctorum
496 278 629 319 collegio

328 324 475 357 Omnium
498 327 654 366 praelata,

280 372 347 412 Quo
372 373 427 412 pio
452 373 612 416 suffragio,

329 419 476 452 Clemens
500 421 667 465 advocata,

282 468 476 501 Cunctorum
501 469 664 509 praesidio

328 514 434 549 Faves
458 517 616 549 invocata.

884 185 938 219 16.
965 184 1028 217 Per
1051 183 1131 216 haec
1156 192 1229 223 ergo
1256 183 1383 225 gaudia,

1012 232 1110 273 Virgo
1133 234 1237 264 mater
1260 232 1356 272 laeta,

964 281 1026 313 Dei
1050 281 1147 321 plena
1170 279 1284 320 gratia,

1015 327 1148 360 Gaudiis
1172 327 1308 368 repleta,

968 376 1060 409 Omni
1085 373 1138 407 fac
1161 374 1302 414 nequitia

1011 423 1089 456 Mea
1110 431 1162 454 me
1188 422 1294 455 deleta

965 471 1034 503 Tua
1058 474 1162 503 tecum
1186 470 1288 510 gloria

1012 518 1092 551 Frui
1117 518 1187 550 sine
1209 521 1305 551 meta.

686 631 749 664 111.
785 631 1009 673 Epilogus.

198 710 230 743 1.
256 708 356 750 Virgo
381 708 511 749 munda,
538 717 620 749 quae
643 707 783 741 fecunda

308 757 414 790 Solem
432 757 527 789 stella
551 756 650 799 paris,

256 805 346 845 Quae
370 807 532 837 tantorum
557 804 748 845 gaudiorum

306 853 418 886 Gloria
441 852 585 892 laetaris,

261 900 322 932 Per
347 900 429 933 haec
452 900 540 933 laeta
564 900 661 932 sorde
684 902 803 943 spreta,

305 949 403 989 Quam
431 947 634 986 abominaris,

256 996 349 1036 Iungi
373 996 433 1027 tibi
457 1005 509 1027 me
532 994 587 1027 fac
609 995 666 1034 ibi,

306 1044 373 1083 Quo
398 1051 483 1075 nunc
506 1042 666 1083 gloriaris

224 1157 231 1165 ,
259 1129 367 1161 Mater
394 1130 500 1170 digna,
527 1137 608 1169 quae
633 1131 681 1160 tot
704 1128 795 1168 signa

306 1177 451 1210 Clemens
477 1177 633 1218 operaris,

258 1224 488 1259 Condescende
514 1227 546 1257 et
568 1224 700 1256 intende

305 1273 452 1306 Fletibus
478 1272 606 1311 amaris,

260 1322 380 1361 Quibus
407 1329 462 1353 oro
489 1324 520 1352 et
544 1320 693 1359 imploro,

306 1369 352 1402 Ut
379 1377 429 1400 me
454 1368 584 1408 tuearis,

260 1417 348 1457 Quae
374 1418 559 1448 cunctorum
583 1415 771 1447 miserorum

307 1464 387 1505 Spes
414 1472 484 1496 esse
508 1462 667 1505 probaris.

199 1553 231 1585 3.
257 1550 342 1583 Satis
369 1549 463 1590 nosti,
491 1548 602 1582 favens
626 1548 712 1582 hosti

307 1600 406 1638 Quam
430 1606 533 1638 prava
559 1597 696 1639 patravi,

259 1646 304 1677 Et
330 1645 457 1687 delicta,
485 1644 581 1683 facta,
610 1644 698 1678 dicta

308 1693 389 1734 Scis,
420 1702 502 1734 quae
525 1693 721 1735 perpetravi,

258 1742 361 1783 Intus,
388 1740 479 1781 foris,
507 1741 623 1778 cordis,
651 1741 716 1773 oris

306 1789 396 1822 Labe
420 1797 471 1821 me
496 1788 634 1829 foedavi,

260 1837 362 1870 Deum
386 1840 513 1878 patrem
539 1839 633 1877 teque
658 1840 792 1870 matrem

307 1886 446 1919 Peccans
469 1884 654 1926 provocavi.

885 710 917 742 4.
942 709 1122 741 Insolenter
1145 709 1349 750 neglegenter

887 1129 919 1161 5.

889 1548 920 1581 6.

993 755 1064 789 Scio
1090 765 1140 788 me
1163 757 1290 797 vixisse,

943 805 1023 837 Tam
1057 804 1231 837 commissis
1255 813 1348 844 quam
1372 804 1497 836 omissis

992 852 1096 892 Saepe
1122 852 1293 892 deliquisse

945 899 1014 931 Nec
1034 909 1098 931 non
1124 900 1215 932 donis
1239 898 1302 931 Dei
1323 898 1415 931 bonis

989 946 1132 979 Abusum
1159 946 1267 986 fuisse,

943 993 989 1025 Et
1010 994 1046 1025 id
1070 994 1155 1036 novi,
1181 1002 1242 1032 me,
1269 994 1354 1034 quod
1378 993 1462 1033 vovi,

991 1041 1098 1073 Minus
1124 1041 1328 1081 persolvisse.

942 1128 967 1160 Ο
992 1127 1108 1170 Maria,
1135 1130 1260 1167 potens,
1286 1126 1350 1168 pia,

993 1175 1120 1207 Virtute
1144 1175 1269 1215 potenti

945 1223 1094 1264 Regnans
1120 1223 1227 1263 caelis
1255 1231 1325 1255 esse
1350 1222 1428 1255 velis

993 1271 1143 1304 Solamen
1167 1270 1335 1313 maerenti,

944 1318 1110 1351 Medicina
1134 1318 1189 1358 sis,
1215 1319 1336 1359 regina,

993 1366 1129 1399 Animae
1153 1366 1331 1407 languenti,

946 1414 993 1447 Ut
1016 1413 1158 1453 peccatis
1190 1413 1245 1446 des
1271 1413 1387 1446 ablatis

995 1461 1122 1494 Veniam
1149 1462 1281 1501 petenti.

947 1546 1029 1585 Scio,
1054 1556 1159 1588 spero,
1179 1548 1249 1588 hoc,
1270 1547 1354 1587 quod
1373 1555 1501 1588 quaero,

998 1596 1058 1628 Per
1084 1602 1114 1628 te
1140 1595 1322 1635 impetrare,

949 1643 1027 1676 Cum
1062 1644 1104 1675 sit
1131 1646 1250 1675 certum
1278 1646 1310 1674 et
1335 1646 1501 1683 expertum

995 1691 1042 1724 Te
1065 1694 1247 1732 promptam
1274 1690 1399 1723 salvare

947 1739 992 1771 Et
1015 1739 1176 1780 mamillis,
1203 1747 1335 1778 quarum
1361 1738 1456 1771 stillis

998 1787 1129 1821 Solebas
1154 1787 1286 1827 lactare,

947 1835 1041 1868 Nunc
1067 1836 1203 1867 ostensis
1228 1835 1261 1866 in
1288 1833 1414 1867 offensis

991 1882 1110 1916 Natum
1135 1884 1291 1924 mitigare.

538 1974 568 2008 7.
594 1972 801 2015 Imperatrix‚
829 1972 1011 2012 reparatrix

640 2020 808 2053 Humanae
831 2020 989 2061 miseriae,

595 2068 678 2102 Mihi
704 2077 759 2102 reo
785 2078 892 2101 coram
916 2067 987 2101 Deo

646 2117 775 2150 Summa
800 2125 873 2158 spes
898 2115 1045 2156 fiduciae,

598 2167 635 2199 In
662 2168 695 2198 te
719 2174 824 2207 spero,
854 2164 905 2207 da,
930 2164 1015 2204 quod
1040 2172 1169 2203 quaero,

644 2214 727 2246 Mihi
751 2222 865 2246 munus
889 2212 1003 2246 veniae

596 2262 641 2295 Et
663 2265 739 2303 post
761 2265 896 2294 mortem
921 2269 973 2292 me
998 2262 1178 2292 consortem

642 2310 710 2343 Fac
734 2309 885 2351 perennis
911 2308 1042 2351 gloriae.

264 2398 334 2427 eod.
357 2398 522 2427 Londinen.
544 2396 676 2426 Arundel
698 2394 764 2425 243.
785 2404 861 2425 saec.
882 2393 957 2424 ¹³l14.

241 2449 354 2479 mame,
369 2449 414 2474 Pia
426 2449 573 2474 Diotamina.
603 2449 646 2474 IV,
