1651 2606
657 100 701 112 -.
750 75 816 111 158
868 95 911 99 —

151 180 205 214 15.
232 178 431 220 Expaveseo,
457 187 497 210 ne
521 176 629 210 forsan

279 230 312 259 te
336 237 355 259 a
379 235 429 258 me
453 227 576 257 avertas

232 274 352 307 Mentis
377 274 416 305 ob
440 271 623 313 putredines

278 323 364 354 intra
387 329 437 352 me
460 320 605 355 insertas,

234 369 297 402 Sed
322 378 379 409 per
403 368 506 399 Iesum
533 365 694 406 deprecor,

280 418 320 449 ad
344 424 393 448 me
418 418 450 445 te
475 413 650 451 eonvertaS,

235 465 272 497 In
298 473 357 504 quo
383 465 430 493 tot
453 459 596 492 miserias

283 510 442 551 cognoscis
467 510 532 540 tam
559 508 670 538 certas.

151 569 205 602 16.
231 568 289 610 Tu,
317 574 396 607 quae
420 567 494 597 vota
518 563 655 596 omnium

279 615 331 654 pie
355 613 497 649 intueris,

234 661 394 701 Numquid
419 660 478 692 soli
501 660 615 691 misero

279 709 356 740 mihi
382 708 462 740 dura
488 704 571 739 eris?

234 757 297 790 Gur
320 755 557 788 misericordiae

281 813 354 845 ergo
378 811 492 834 nomen
515 800 609 842 geris,

235 851 269 884 Si
291 860 345 883 reo
370 850 491 892 petenti
514 854 546 882 te

280 902 313 931 tu
337 907 400 930 non
424 895 609 929 misereris?

154 956 207 990 17.
232 957 325 989 Hane
350 955 607 987 consuetudinem

283 1005 415 1044 propter
438 1011 488 1033 me
513 1010 575 1034 non
601 1002 711 1043 mutes,

234 1052 296 1083 Per
321 1058 413 1090 quam
439 1050 520 1081 soles
546 1048 669 1080 miseris

281 1098 417 1129 reddere
441 1097 568 1135 salutes,

236 1146 305 1177 Nee
328 1153 389 1186 me,
414 1144 557 1184 quamvis
580 1142 723 1182 impium,

282 1191 398 1233 flagito,
424 1189 553 1231 refutes,

237 1240 300 1272 Sed
324 1243 398 1272 tuae
424 1237 609 1270 elementiae

281 1286 332 1319 fae
356 1288 389 1318 in
414 1295 464 1317 me
489 1286 632 1318 virtutes.

157 1344 210 1376 18.
237 1344 430 1383 Recordare,
459 1343 585 1374 domina

283 1400 360 1431 prae
386 1391 506 1421 eunctis
530 1387 683 1429 perfecta,

237 1438 317 1477 Quia
342 1437 380 1470 ob
408 1437 580 1477 culpabiles

283 1484 371 1517 fuisti
396 1485 506 1524 electa,

235 1533 343 1564 Mater
368 1534 501 1572 propter
524 1531 657 1562 miseros

285 1580 345 1612 Dei
372 1588 404 1610 es
430 1578 549 1619 effecta,

237 1626 323 1667 Ergo
349 1627 437 1659 salva
461 1627 604 1665 miseroS,

284 1678 394 1706 nostra
418 1683 491 1713 spes
517 1675 630 1705 erecta.

160 1732 212 1765 19.
239 1731 284 1763 Te
308 1741 366 1771 pro
391 1731 465 1771 reis,
495 1730 630 1771 domina,

284 1778 370 1810 Deus
396 1782 445 1809 est
467 1778 638 1818 ingressus,

239 1826 300 1858 Pro
327 1826 371 1857 eis
394 1826 537 1857 miserias

285 1873 399 1904 multas
425 1876 472 1904 est
495 1881 678 1913 perpessus,

240 1921 303 1953 Pro
328 1920 407 1960 ipsis
435 1920 561 1952 vidente
586 1924 617 1951 te

285 1968 318 1999 in
343 1968 507 2000 tormentis
533 1967 634 1999 fessus

240 2016 289 2047 Ac
312 2015 422 2047 mortis
447 2014 600 2055 angustiis

288 2065 336 2094 est
358 2071 417 2103 pro
442 2062 506 2093 illis
531 2070 669 2102 pressus

162 2219 217 2251 25.
242 2218 427 2257 Importuna
450 2217 565 2257 anima,

292 2274 349 2297 eur
372 2264 414 2296 ad
439 2273 490 2296 me
514 2265 560 2296 sie
586 2265 712 2305 clamas,

244 2313 331 2352 Quae
355 2316 419 2344 tam
445 2321 517 2344 raro
543 2312 656 2344 recolis

291 2364 322 2393 et
345 2363 410 2393 tam
437 2369 548 2400 parum
573 2369 658 2392 amas
668 2361 684 2391 ’.Δ

765 2151 826 2183 ΠΙ.

828 173 883 207 20.

827 562 882 596 21.

830 954 887 986 22.

832 1343 888 1375 23.

833 1732 889 1763 24.

908 171 996 210 Ergo
1021 170 1122 210 nobis,
1149 168 1305 210 genetrix,

956 226 1082 258 semper
1106 216 1149 249 sis
1176 218 1289 257 parata

908 267 1107 305 Reorumque
1131 263 1273 296 infimum

955 313 1030 345 audi
1055 322 1105 344 me
1129 315 1250 352 rogata,

907 360 1078 399 Memento,
1105 368 1164 400 pro
1190 358 1302 399 quibus
1329 365 1362 388 es

956 411 1079 440 tantum
1104 407 1254 448 exaltata,

908 456 952 490 Et
975 465 1034 496 pro
1060 454 1174 496 quibus
1199 457 1255 485 tua
1279 455 1327 485 est

958 504 1065 545 proles
1091 505 1293 536 tormentata.

909 561 999 594 Meas
1025 569 1148 601 preceS,
1176 559 1314 598 domina,

961 609 1099 649 digneris
1126 607 1238 640 audire

910 657 955 690 Et
978 665 1062 688 nune
1088 660 1120 688 et
1143 656 1175 686 in
1201 657 1365 695 posterum

956 713 1082 744 semper
1106 703 1284 746 subvenire,

909 751 994 784 Tuas
1019 754 1114 792 atque
1138 750 1267 782 Domini

957 799 1068 839 plagas
1094 798 1147 831 fac
1170 806 1221 829 me
1246 798 1328 829 seire

911 846 955 880 Et.
978 847 1011 878 in
1038 847 1134 879 corde
1158 845 1276 885 iugiter

959 895 1073 927 devote
1095 893 1224 926 sentire.

913 953 937 986 O
964 950 1070 983 fracta
1094 950 1267 989 doloribus,

957 1001 1044 1031 stans
1070 999 1128 1031 sub
1155 998 1256 1029 crucis
1282 1008 1347 1040 ara,

909 1046 961 1080 Ex
985 1047 1052 1078 nati
1077 1046 1262 1079 vulneribus

959 1094 1055 1134 plena
1080 1097 1111 1125 et
1136 1102 1255 1134 amara,

911 1143 975 1176 Cur
999 1141 1147 1181 precanti
1169 1141 1302 1174 vulnera

958 1189 1037 1221 mihi
1062 1198 1095 1221 es
1119 1188 1241 1229 ignara,

913 1238 998 1277 Quae
1022 1237 1113 1277 larga
1138 1241 1170 1269 et
1193 1237 1295 1269 libera

962 1284 1048 1317 dicta
1074 1293 1107 1316 es
1138 1286 1169 1315 et
1193 1284 1318 1325 gnara?

915 1342 940 1374 Ο
964 1350 1036 1373 mea
1060 1341 1188 1381 fiducia,

961 1392 1063 1421 mater
1087 1388 1265 1432 salvatoris,

913 1436 968 1469 Me
992 1435 1143 1477 transfige
1168 1437 1274 1475 gladio

960 1483 1006 1514 tui
1031 1493 1103 1515 mox
1130 1483 1260 1528 doloris,

912 1531 991 1563 Dita
1014 1540 1065 1562 me
1091 1540 1130 1563 ex
1152 1540 1285 1563 munere

961 1577 1096 1618 perfecti
1123 1579 1239 1611 amoris

913 1627 963 1658 Ae
989 1626 1041 1658 die
1064 1635 1153 1659 meae
1178 1627 1302 1659 animae

961 1674 1026 1706 vim
1050 1675 1096 1706 tui
1121 1675 1284 1707 maeroris.

917 1731 1019 1772 Nunc,
1042 1741 1125 1764 nune
1146 1740 1298 1771 praesens
1316 1732 1443 1772 spiritu,

962 1782 1064 1810 mater
1088 1780 1271 1821 singularis,

914 1827 964 1859 De
988 1827 1050 1858 tuis
1076 1827 1238 1859 doloribus

962 1874 1080 1913 aliquid
1107 1875 1259 1916 loquaris,

916 1921 1007 1962 Quod
1032 1922 1161 1961 placere
1186 1923 1293 1954 valeat

964 1969 1026 2000 tuis
1052 1969 1152 2001 servis
1179 1971 1260 2002 caris

916 2016 961 2049 Et
988 2025 1040 2048 eos
1066 2025 1237 2058 aspergere

966 2064 1106 2097 lacrimis
1132 2067 1261 2098 amaris.

921 2218 985 2251 Sed
1012 2219 1090 2251 dicis
1116 2220 1243 2252 audisse
1267 2222 1300 2251 te

970 2267 1009 2298 de
1033 2276 1084 2299 me
1109 2267 1179 2308 pias
1204 2266 1306 2299 famas

921 2313 966 2346 Et
990 2314 1029 2346 ob
1055 2315 1116 2347 hoe
1141 2315 1292 2347 audacius

970 2362 1017 2394 sie
1041 2363 1083 2395 ad
1107 2371 1157 2394 me
1184 2363 1354 2399 exclamas.
