1651 2606
661 40 917 76 -190—

181 144 212 178 9.
240 143 332 177 Sinus
356 146 428 176 tuus
451 142 603 184 panditur

283 192 340 224 Pio
366 192 486 223 cunctis
506 198 603 230 more,

240 240 385 281 Singulos
410 237 611 278 amplectitur

281 287 428 319 Materno
452 285 571 320 favore,

238 333 397 373 Quidquid
423 335 480 374 est,
506 329 710 371 perfunditur

284 382 351 413 Tuo
372 381 424 419 pio
450 387 531 419 rore,

237 428 306 461 Nec
329 429 412 460 ullus
437 426 643 458 absconditur

283 477 313 507 A
338 477 391 506 tuo
417 474 530 507 calore.

159 553 212 585 10.
238 552 291 584 Ad
315 553 355 589 te,
382 551 435 590 qui
458 552 507 582 tot
530 549 674 589 respicis,

285 599 395 630 Tantis
421 597 591 637 misereris,

235 647 291 686 Te⁷
318 654 398 685 quae
418 646 539 677 nullum
564 645 710 687 despicis,

284 693 384 725 Immo
410 695 539 724 cunctos
563 693 699 732 quaeris,

237 741 290 773 Ad
313 744 346 772 te
370 740 508 772 clemens
531 740 640 779 redeo,

283 788 375 820 Licet
398 788 484 820 horis
510 788 600 828 seris,

239 835 482 877 Commissisque
507 833 617 874 defleo,

283 883 328 916 Ut
352 883 546 923 propitieris

156 959 210 993 11.
236 959 319 998 Tibi,
344 960 481 999 inquam,
508 959 630 999 gratiae

284 1007 403 1038 Parens
427 1006 547 1047 absque
570 1006 651 1046 pari,

236 1053 312 1086 Mea
337 1062 430 1085 causa
455 1054 570 1092 veniae

283 1101 376 1133 Mens
400 1101 471 1134 vuit
493 1101 701 1142 praesentari,

237 1149 301 1181 Sed
326 1151 430 1190 pavet,
455 1149 530 1180 dum
553 1148 648 1180 anxie

285 1195 325 1227 Se
351 1197 453 1228 cernit
476 1195 610 1240 foedari,

237 1243 284 1275 Te
307 1252 420 1275 aversa
444 1242 527 1276 facie

286 1291 328 1323 Se
351 1291 535 1323 abominari.

158 1366 213 1399 12.
238 1366 372 1407 Horreo,
401 1367 474 1398 dum
499 1367 592 1399 video

287 1413 388 1446 Sorde
411 1422 462 1446 me
487 1413 617 1454 foetere,

240 1461 348 1501 Teque
373 1470 479 1494 coram
503 1469 603 1503 paveo

286 1508 424 1540 Foetens
449 1517 614 1548 apparere,

241 1555 307 1587 Vae
329 1556 416 1598 mihi,
440 1565 500 1588 nec
524 1557 613 1587 valeo

286 1603 424 1636 Foetore
449 1611 558 1635 carere

244 1650 319 1683 Sine
340 1653 381 1694 te,
409 1659 501 1690 quam
527 1650 639 1683 horreo

287 1698 397 1730 Talem
422 1706 472 1729 me
496 1698 614 1731 videre.

161 1774 214 1809 13.
241 1775 265 1807 Ο
288 1783 383 1806 saeva
407 1773 536 1807 fallacia

289 1822 409 1854 Misera
433 1822 598 1863 peccandi,

240 1869 356 1901 Dulcia
378 1869 536 1909 principia

293 1917 390 1950 Cuius
413 1917 595 1957 inchoandi,

243 1964 355 1998 Amari
376 1973 436 2005 per
460 1965 565 1996 omnia

289 2013 403 2046 Exitus
428 2011 568 2052 nefandi„

243 2060 288 2093 Et
313 2061 387 2092 dum
411 2060 548 2099 spondet
573 2060 686 2103 dulcia,

294 2109 401 2140 Poena
424 2108 538 2147 pungit
562 2107 683 2148 grandi.

164 2185 217 2218 14.
245 2185 269 2217 O
296 2183 365 2216 fera
391 2184 532 2216 condicio

293 2231 461 2264 Servitutis
488 2232 585 2272 dirae,

246 2280 270 2313 O
297 2280 437 2312 vindicta
460 2280 537 2312 vitio

294 2328 407 2361 Iuncta
431 2328 536 2369 gravis
559 2327 638 2368 irae,

915 136 1015 175 Quam
1038 134 1071 167 in
1096 142 1147 166 me
1170 131 1218 166 sic
1240 130 1343 164 sentio

962 182 1132 216 Horrende
1156 181 1291 223 saevire,

912 232 961 265 Ut
984 239 1044 262 nec
1066 229 1229 262 miseratio

961 277 1088 310 Debeat
1111 278 1235 310 audire.

834 357 889 390 15.
916 356 941 389 Ο
963 357 1156 396 praepotens
1183 352 1320 390 domina,

960 404 1063 436 Plena
1086 403 1217 444 pietate,

914 452 1002 491 Quae
1024 452 1207 483 sauctorum
1231 447 1358 489 agmina

963 499 1071 531 Vincis
1095 497 1276 539 sanctitate,

914 548 1022 587 Purga
1046 555 1096 578 me
1119 545 1261 586 propitia

963 595 1066 626 Tanta
1090 593 1254 634 foeditate,

915 641 1089 676 Conferens
1114 641 1258 674 remedia

960 690 1063 722 Plena
1085 690 1216 729 pietate.

835 768 890 800 16.
917 766 976 809 Ne,
1003 775 1128 809 precor,
1156 766 1318 798 contineas

964 814 1124 846 Summam
1146 814 1308 854 pietatem,

914 862 994 895 Cum
1013 863 1078 894 iam
1104 869 1206 893 meam
1228 860 1340 892 videas

963 909 1122 942 Summam
1148 910 1331 949 egestatem,

917 957 1004 996 Quae
1028 960 1060 988 te
1083 960 1200 1000 movet,
1229 955 1345 998 deleas,

963 1005 1095 1044 Quaeso,
1121 1004 1323 1045 pravitatem,

912 1052 972 1095 Ne,
999 1062 1092 1093 quam
1116 1053 1238 1093 horres,
1264 1051 1374 1082 videas

961 1097 1003 1133 In
1024 1109 1076 1131 me
1099 1099 1297 1132 foeditatem.

833 1177 887 1209 1¹7.
913 1177 1057 1217 Purgans
1084 1176 1155 1209 dele
1180 1176 1273 1209 citius

963 1224 1129 1256 Foetentis
1151 1224 1295 1263 livorem,

916 1272 985 1303 Nec
1009 1273 1127 1304 senties
1152 1271 1301 1312 amplius,

965 1318 1063 1357 Quam
1089 1319 1211 1361 horres,
1237 1318 1403 1359 foetorem,

916 1367 969 1399 Ad
994 1369 1028 1398 te
1049 1369 1175 1406 spectat
1198 1366 1306 1398 mitius

965 1413 1066 1445 Tuum
1092 1414 1131 1445 ob
1157 1413 1320 1454 honorem,

915 1461 1046 1493 Miseris
1071 1462 1252 1501 quantotius

964 1509 1125 1542 Praebere
1148 1507 1302 1542 favorem.

836 1585 891 1618 18.
917 1585 1061 1617 Vei-nant
1084 1589 1139 1616 tua
1163 1585 1287 1625 merita,

963 1632 1108 1665 Vernaus
1133 1633 1245 1665 mundi
1269 1641 1353 1672 rosa,

917 1680 1011 1713 Omni
1034 1681 1152 1713 mundo
1178 1681 1306 1721 cognita

964 1728 1077 1761 Nitent
1101 1729 1263 1771 pretiosa3

917 1776 1151 1809 Restaurantur
1175 1776 1314 1817 perdit-a,

966 1824 1057 1856 Cedit
1084 1823 1171 1856 fraus
1198 1825 1318 1866 dolosa,

917 1871 994 1904 Vita
1017 1872 1105 1904 redit
1128 1873 1267 1914 perdita,

963 1919 1063 1960 Fugit
1085 1928 1171 1952 mors
1197 1928 1303 1952 exosa.

838 1996 890 2028 19.
916 1997 1030 2029 Iuncta
1054 2005 1190 2037 namque
1213 1994 1280 2029 filio

965 2044 1001 2076 In
1028 2044 1105 2076 sede
1129 2048 1267 2084 paterna

920 2090 1056 2125 coerces
1080 2093 1215 2132 imperio

965 2138 1083 2172 Infera.
1109 2149 1258 2184 superna,

920 2186 1055 2220 Hostem
1077 2187 1209 2221 fraudas
1230 2190 1348 2231 pretio,

971 2235 1095 2276 Spolias
1120 2236 1257 2275 inferna,

923 2283 1025 2315 Solvis
1051 2292 1071 2315 a
1095 2285 1252 2325 supplicio

970 2331 1082 2371 Regna
1109 2331 1188 2366 dans
1214 2336 1353 2366 aeterna.
