1651 2606
728 83 961 119 -13-

658 177 689 208 4.
728 176 773 209 De
793 185 834 209 ss.
857 176 1025 208 Trinitate.

198 245 232 279 1.
258 244 399 287 Salveto‚
424 249 537 279 sancta.
560 247 700 291 trinitas,
882 249 914 282 4.
939 247 1099 287 Rogamus
1123 250 1157 278 te
1182 247 1339 289 devotius,

255 293 410 334 Aequalis
433 303 498 327 una.
528 295 640 337 deitas,
940 295 1020 327 Esto
1045 294 1137 327 nobis
1161 294 1322 334 propitius

254 340 376 373 Rerum
402 345 526 374 creator
551 343 700 384 omnium,
939 342 1005 375 Hic
1028 342 1196 382 largiendo
1222 341 1357 382 gratiam

255 387 432 429 Exemplar
457 391 490 421 et
512 390 719 431 principium.
939 390 984 422 Et
1007 390 1041 422 in
1066 388 1173 422 futuro
1199 389 1342 430 gloriam.

199 447 230 479 2.
257 445 300 478 El
324 449 419 488 pater
442 448 735 487 tetragrammaton,
883 450 915 482 5.
941 448 1137 487 Angelorum
1161 446 1277 479 militia

256 493 300 526 El
322 492 369 526 fili
392 494 591 536 homousion,
941 495 1050 535 Trina,
1077 493 1193 527 fretum
1220 497 1252 525 et
1276 493 1394 535 sidera,

257 540 300 574 El
322 542 488 581 utriusque
513 541 658 582 spiritus,
942 542 988 574 Te
1013 544 1158 574 sanctum
1176 541 1310 574 laudant
1326 541 1497 573 Dominum

257 588 375 621 Trinus
402 591 434 620 et
457 598 538 621 unus
563 588 728 622 Dominus.
941 589 986 622 Et
1009 598 1095 622 nunc
1120 593 1150 622 et
1175 590 1209 621 in
1233 591 1433 630 perpetuum.

201 647 232 679 3.
260 645 310 677 Tu
334 646 421 679 solus
447 655 480 679 es
506 647 686 688 athanatos,
885 648 916 681 6.
945 646 1023 680 Cum
1048 647 1162 687 quibus
1192 650 1224 679 et
1247 655 1304 679 nos
1331 646 1481 686 canimus,

259 693 350 726 Unus
375 697 408 726 et
433 694 521 727 idem
546 697 579 727 et
602 694 718 735 Theos,
945 695 992 727 Te
1016 704 1126 727 verum
1149 694 1253 728 Deum
1278 694 1420 735 colimus,

262 742 373 783 Agios,
399 742 485 783 Heli,
512 742 620 783 Sadai,
947 742 1020 775 Tibi
1045 742 1156 783 honor,
1182 743 1260 785 lauS,
1288 742 1390 783 gloria

262 788 400 830 Osanna,
423 789 524 830 Nous,
547 790 684 823 Adonai.
946 790 1012 822 Per
1035 788 1161 823 infinita
1184 790 1320 822 saecula.

262 854 335 882 Cod.
355 854 614 890 Gueffenbyteran.
633 855 759 884 Helmst.
781 852 864 882 1076.
885 863 960 882 saec.
983 852 1027 883 15.
1047 868 1085 873 —
1105 852 1131 889 3,
1145 852 1166 882 4
1184 855 1306 883 Osanna
1322 862 1377 882 nos
1393 853 1447 880 Hs.
1461 867 1500 872 --

184 892 228 920 Es
247 890 348 928 fulgen
367 892 444 920 noch
463 893 668 921 Bruchstiicke
688 894 768 921 eines
790 893 918 921 anderen
937 892 1057 920 Liedes:

196 937 223 966 1.
243 941 324 968 Deus
346 942 459 968 creator
479 940 617 974 siderum,
881 938 907 968 2.
928 940 974 968 Tu
997 940 1080 968 sedes
1102 948 1190 976 super
1210 938 1376 978 Cherubim,

242 978 423 1014 Angelorum
445 981 475 1006 et
492 978 652 1011 hominum,
926 978 968 1006 Te
988 981 1123 1006 sanctum
1144 974 1293 1013 clamatkl]
1313 976 1478 1012 Seraphim,

247 1017 304 1050 Qui
324 1024 421 1044 rerum
440 1018 521 1044 vices
541 1019 696 1052 temperas,
925 1016 967 1044 Te
990 1017 1091 1043 tremit
1110 1024 1187 1044 mors
1209 1019 1239 1043 et
1258 1014 1430 1051 Phlegeton,

243 1055 330 1082 Diem
351 1062 453 1082 creans
474 1055 503 1082 et
522 1055 666 1083 tenebras.
927 1054 1031 1082 Nostri
1051 1055 1179 1082 clemens
1201 1054 1320 1082 eleison.

585 1099 612 1129 3.
632 1101 679 1130 Tu
700 1110 729 1129 es
750 1110 801 1130 rex
821 1110 921 1138 regum
943 1102 1081 1136 omnium,

634 1140 780 1167 Dominus
801 1139 1016 1168 dominantium

632 1178 674 1207 Te
696 1187 786 1206 unum
805 1179 901 1206 Deum
925 1201 1045 1207 .....

663 1270 691 1302 5.
731 1271 776 1302 De
796 1278 837 1302 ss.
860 1269 1024 1303 Trinitate.

201 1331 233 1364 1.
260 1332 284 1366 O
310 1333 465 1372 paternae
489 1331 611 1372 gloriae
887 1333 919 1364 2.
946 1332 1049 1364 Verus
1074 1331 1123 1364 sol
1148 1331 1299 1372 iustitiae,

307 1379 471 1421 splendor,
497 1388 558 1419 per
583 1381 761 1419 respectum
994 1382 1029 1411 tu
1054 1379 1239 1412 interiorem

261 1427 364 1460 Tuum
381 1426 643 1468 benignissimum
947 1426 1118 1460 Hominem
1141 1426 1274 1466 irradia,

305 1475 430 1514 respice
454 1473 690 1517 imperfectum,
996 1475 1037 1507 da
1061 1475 1151 1507 cordi
1175 1483 1324 1512 amorem,

257 1524 297 1555 In
321 1525 457 1563 utroque
479 1523 608 1555 homine
946 1521 993 1554 Ut
1015 1525 1049 1553 'te
1072 1522 1193 1554 trinum
1219 1530 1376 1561 unumque

305 1570 437 1603 subleva
464 1569 633 1603 defectum.
993 1570 1160 1603 laudemus
1188 1572 1373 1603 creatorem.

464 1629 495 1661 3.
521 1628 666 1667 Praesta,
693 1635 816 1659 summe
837 1629 941 1667 pater,
968 1627 1071 1667 patris
1098 1629 1130 1658 et
1154 1627 1247 1659 unice

525 1675 766 1715 Amborumque
790 1674 885 1707 simul
910 1674 1055 1717 spiritus,
1082 1683 1195 1713 annue,

571 1722 632 1762 Qui
657 1731 771 1763 regnas
797 1721 887 1756 Deus
913 1731 993 1754 unus

619 1771 713 1804 Omni
738 1773 882 1810 tempore
908 1770 1038 1803 saeculi.

263 1838 343 1866 Orat.
370 1846 423 1865 ms.
451 1846 527 1865 saec.
551 1835 594 1865 15.
623 1836 694 1864 cod.
719 1835 921 1873 Campolilien.
952 1834 978 1863 2.
998 1837 1033 1864 A.
1054 1851 1093 1855 --
1113 1836 1193 1864 Orat.
1214 1844 1267 1863 ms.
1288 1835 1503 1864 Novacellense

186 1884 262 1905 saec.
285 1874 329 1904 15.
352 1875 420 1904 Cod.
443 1876 639 1912 Oenipontan.
660 1872 726 1904 353.
747 1876 783 1902 B.

586 1969 616 2000 6.
650 1969 692 2001 De
712 1967 913 2001 sanctissima
932 1968 1101 2000 Trinitate.

200 2031 233 2065 1,
259 2032 284 2065 Ο
316 2040 427 2072 regum
452 2040 511 2063 rex
535 2030 701 2071 altissime,
887 2031 919 2063 3.
947 2030 994 2062 Te
1017 2039 1115 2063 unum
1141 2029 1370 2069 desideremus,

258 2078 400 2113 Pacifica
424 2079 533 2112 orbem
559 2082 675 2118 terrae,
946 2078 984 2111 In
1010 2087 1070 2119 quo
1096 2078 1198 2111 solum
1224 2077 1429 2118 gaudeamus,

258 2127 441 2160 Ecclesiam
466 2127 622 2169 coaduna,
945 2126 996 2159 De
1024 2127 1176 2166 nulloque
1203 2127 1374 2168 doleamus,

261 2176 369 2210 Corda.
393 2178 504 2208 nostra
527 2175 683 2210 inhabita..
946 2174 1020 2207 Nisi
1044 2175 1118 2215 quia
1140 2174 1352 2215 peccavimus,

200 2237 231 2268 2.
259 2234 367 2268 Unum
391 2235 495 2276 pater,
522 2231 647 2273 flamen,
673 2237 757 2275 nate,
886 2233 920 2266 4.
947 2234 1148 2274 Nostrasque
1173 2231 1226 2265 fac
1250 2231 1431 2263 voluntates

257 2283 294 2315 In
319 2281 412 2315 nobis
436 2281 491 2323 sis,
519 2284 551 2313 et
574 2291 632 2314 nos
656 2281 689 2314 in
715 2285 757 2324 tc,
947 2282 1036 2315 Tuae
1065 2281 1191 2314 omnino
1217 2277 1405 2322 conformes,

257 2331 303 2364 Ut
326 2330 388 2363 tibi
410 2330 524 2363 laudes
549 2329 658 2362 debite
945 2330 993 2363 Ut
1015 2329 1125 2370 simus,
1151 2329 1227 2370 quia
1251 2326 1365 2370 vocati,

257 2379 444 2414 Reddamus
470 2379 556 2412 omni
581 2380 736 2419 tempore.
949 2378 1057 2411 Etiam
1080 2377 1127 2410 tui
1154 2376 1258 2409 electi.
