1651 2606
184 201 238 235 18.

190 701 243 734 19.

189 1201 245 1233 20.

192 1691 247 1724 21.

189 2186 244 2217 22.

264 199 498 240 Indulgendum
522 197 650 239 quidem
672 193 771 238 nefas,

266 247 317 279 Ibi
340 256 468 287 pugnax
488 247 545 278 ille
571 244 696 283 Cephas

269 294 347 326 Vice
372 298 463 326 terna
489 302 556 325 cum
580 293 735 331 negasset,

267 341 370 374 Deum
395 350 484 373 suum
509 340 686 372 abiurasset

315 389 397 421 Prae
420 397 539 428 pavore
561 385 666 426 riguit.

267 436 315 468 Tu
325 434 470 468 adflictus
480 441 666 474 quamquam
676 434 787 470 stares,

267 483 459 523 Negatorem
485 490 554 513 cum
579 487 713 519 amares,

267 530 364 561 Vultu
388 530 505 561 blando
531 526 711 565 suspexisti,

266 577 342 609 Voti
365 585 454 608 reum
478 573 637 611 monuisti,

314 624 390 655 Mox
415 624 446 654 in
468 621 559 653 fletus
585 621 719 660 proruit.

270 699 332 731 Hic
356 699 418 730 iam
443 699 524 741 Iesu,
552 697 639 730 Deus
664 695 767 737 fortis,

269 746 495 778 Condemnaris
521 754 593 777 reus
618 744 740 782 mortis,

270 793 344 826 Cum
371 795 404 825 te
429 794 529 825 Deum
555 792 769 833 praedicares,

265 841 312 872 Te
328 843 494 873 venturum
518 841 790 881 praemonstrares

311 888 453 920 Iudicem
477 888 510 919 in
536 886 682 919 nubibus.

266 936 344 968 Pari
368 944 442 967 mox
467 934 575 967 furore
597 934 699 965 iuncti

267 982 314 1014 Te
323 982 543 1023 blasphemant
553 979 700 1025 [scribae]
713 990 770 1013 cun
775 982 828 1019 cti,

269 1029 424 1061 Scindunt
448 1032 552 1061 vestes
577 1037 632 1060 suo
658 1037 754 1069 more.

267 1077 381 1109 Omnes
407 1076 557 1109 frendent
582 1085 644 1108 uno
670 1085 741 1107 ore:

318 1124 400 1163 Quid
426 1133 551 1164 egemus
574 1122 731 1154 testibus?

274 1201 498 1239 Praeceptores
523 1199 733 1242 sacerdotum,

270 1247 350 1279 'soto
375 1247 446 1278 nisu
470 1247 582 1287 vulgus
607 1250 725 1278 motum

271 1294 317 1326 Te
341 1294 510 1326 adversum
536 1294 778 1334 conclamantes,

269 1341 363 1373 Suam
389 1342 482 1373 simul
506 1341 716 1381 malignantes

315 1388 479 1420 Instruunt
505 1388 675 1420 vesaniam.

270 1435 332 1475 Sic,
358 1436 404 1467 sic
430 1444 499 1467 sese
523 1436 710 1478 adunantes,

269 1482 410 1514 Adunati
437 1483 680 1523 conclamantes,

269 1529 315 1561 Te
340 1530 443 1561 Pilato
468 1531 601 1562 tradunt
624 1530 753 1562 tandem

269 1576 319 1608 Ibi
343 1577 457 1608 iustum
484 1586 543 1617 per
566 1577 698 1609 eandem

317 1624 513 1656 Damnantes
539 1624 737 1657 sententiam.

274 1691 375 1722 Audit
391 1700 520 1730 praeses
535 1691 659 1731 pondus
677 1700 793 1733 rerum,

271 1738 473 1770 Perscrutari
497 1740 591 1771 ardet
614 1747 734 1781 verum,

270 1785 321 1816 An
347 1788 381 1816 tu
403 1794 459 1816 rex
483 1786 535 1825 sis,
564 1786 755 1827 sciscitatur,

269 1832 315 1863 Te
340 1834 497 1864 tacentem
521 1833 706 1877 admiratur,

318 1879 406 1911 Totis
433 1882 541 1920 stupet
565 1880 719 1915 sensibus,

270 1926 342 1965 Sed,
369 1935 438 1958 cum
464 1928 570 1959 vultus
594 1931 784 1973 mansuetos,

274 1973 389 2006 Gestus
415 1975 506 2006 mites
533 1978 563 2007 et
588 1975 709 2014 quietos

271 2022 309 2053 Iu
334 2024 367 2053 te
392 2023 494 2053 cernit.
516 2022 577 2054 hac
601 2022 635 2053 in
659 2022 748 2063 hora,

271 2068 371 2101 Novis
395 2069 455 2101 tibi
480 2070 549 2101 sine
574 2078 663 2101 mora

318 2116 422 2148 Instat
446 2116 691 2157 quaestionibus

270 2183 403 2215 Demum
421 2183 543 2224 inquis:
568 2192 624 2215 rex
642 2193 711 2215 sum
729 2194 796 2225 ego,

269 2230 352 2262 Esse
377 2240 484 2272 regem
505 2240 559 2263 me
582 2240 646 2263 non
670 2240 760 2273 nego,

269 2279 387 2311 Verum
409 2288 473 2311 non
498 2283 546 2311 est
571 2278 754 2312 nutabundo

273 2327 413 2367 Regnum
428 2336 532 2359 meum
548 2328 586 2360 de
597 2326 657 2358 hoc
670 2328 798 2369 mundo,

321 2374 370 2406 De
397 2376 541 2415 supernis
567 2374 684 2414 prodii.

863 460 918 492 23.

864 964 918 995 24.

866 1456 920 1487 25.

871 1948 928 1981 26.

945 190 1171 225 contremiscit
1194 189 1244 221 his
1270 185 1390 219 auditis

944 239 984 271 In
1008 246 1161 277 responso
1187 235 1261 278 agni
1284 234 1383 275 mitis,

945 286 1068 317 Pietate
1091 285 1323 323 consternatur,

945 334 1149 365 Innocentem
1175 332 1372 372 protestatur

995 380 1125 413 Calculo
1150 377 1272 411 iudicii.

946 457 1092 492 Clamant
1114 459 1226 489 contra
1242 453 1355 485 mortis
1373 461 1473 493 reum,

944 506 1056 538 rurant
1083 512 1152 536 esse
1178 502 1366 541 Galilaeum,

946 552 1080 585 Gentem
1104 554 1204 583 totam
1222 549 1470 588 subvertentem,

947 600 1082 633 Gensum
1110 599 1180 631 dari
1204 597 1427 639 prohibentem

993 646 1209 679 Romanorum
1234 644 1354 677 usibus.

946 695 993 728 Ut
1018 694 1165 735 cognovit
1190 695 1275 726 clare
1300 692 1378 724 satis

946 742 993 774 Te
1018 751 1082 775 non
1104 750 1180 774 suae
1204 740 1384 781 potestatis,

944 789 1022 821 Mox
1046 789 1166 821 iuberis
1193 787 1366 829 deportari,

946 837 1140 869 iudicandus
1165 835 1367 876 praesentari

993 884 1134 916 Herodis
1161 882 1395 923 conspectibus.

947 961 1024 994 Cum
1049 961 1180 994 Herode
1206 968 1310 992 coram
1340 962 1443 990 stares

946 1008 1014 1040 Nec
1038 1017 1224 1048 responsum
1250 1005 1331 1038 fanti
1359 1006 1463 1048 dares,

945 1056 1024 1088 Alta
1048 1056 1159 1088 mundi
1186 1054 1411 1087 contemnebas

948 1105 992 1136 Et
1017 1104 1162 1143 exemplo
1187 1112 1245 1135 nos
1272 1101 1408 1135 docebas

997 1152 1133 1190 Pompas
1159 1151 1226 1182 eius
1253 1157 1414 1189 spernere.

949 1198 1030 1229 Nam
1059 1207 1128 1229 cum
1153 1206 1238 1230 esses
1263 1196 1331 1228 veri
1357 1196 1458 1236 vigor,

947 1246 1129 1285 Aequitatis
1154 1253 1296 1277 summae
1321 1244 1417 1284 rigor,

949 1293 1124 1325 Nesciebas
1149 1292 1276 1325 adulari

949 1340 1011 1372 Vel
1035 1340 1068 1372 in
1096 1340 1194 1380 signis
1220 1339 1352 1381 gloriari

999 1387 1113 1420 Coram
1139 1388 1228 1427 putri
1252 1387 1396 1426 pulvere.

948 1455 1031 1494 Iesu,
1057 1455 1189 1486 verbum
1213 1453 1285 1495 Dei,
1312 1462 1425 1485 sensus

949 1501 1000 1534 Ibi
1023 1501 1131 1533 stabas
1155 1500 1355 1540 indefensus,

945 1549 997 1581 Ibi
1021 1558 1113 1581 nemo
1143 1549 1202 1581 tibi
1228 1548 1307 1580 foris

946 1596 1146 1636 Disciplinae
1170 1597 1222 1629 vel
1248 1595 1377 1628 honoris

995 1643 1145 1675 Debitum
1173 1643 1326 1677 exhibuit.

946 1693 977 1723 A
1002 1691 1140 1731 superbo
1166 1691 1384 1734 subsannaris,

947 1739 1045 1771 Veste
1071 1739 1145 1771 alba
1169 1739 1362 1777 honestaris,

948 1786 1011 1818 Sed
1036 1787 1185 1819 honestas
1210 1786 1389 1828 inhonesta,

947 1834 1067 1877 Foeda,
1095 1834 1168 1865 vilis
1193 1838 1225 1866 et
1249 1834 1385 1866 molesta

996 1881 1108 1913 Risum
1135 1882 1175 1914 de
1200 1885 1233 1913 te
1257 1881 1417 1920 praebuit.

954 1947 1006 1979 Ad
1031 1948 1172 1980 Pilatum
1197 1947 1286 1980 redis
1310 1948 1368 1990 ita,

949 1994 1050 2026 Morti
1076 1995 1212 2038 dandus,
1240 1996 1294 2036 qui
1319 2004 1352 2028 es
1377 1996 1456 2039 vita,

952 2042 1222 2083 Conclamantque
1248 2052 1341 2075 canes
1367 2043 1439 2083 feri,

952 2089 1021 2121 Nec
1046 2091 1200 2123 tumultus
1228 2091 1370 2123 cohiberi

998 2138 1131 2170 Poterat
1155 2139 1364 2174 sermonibus,

952 2185 1054 2218 Tanto
1079 2195 1155 2218 vero
1180 2188 1213 2219 in
1234 2188 1374 2219 tumultu

950 2232 1142 2267 Inconcusso
1168 2235 1277 2267 stabas
1302 2235 1403 2278 vultu,

952 2280 1051 2312 Vultu
1076 2281 1227 2323 blandus,
1252 2285 1344 2322 gestu
1369 2283 1457 2317 mitis

954 2328 1031 2361 Cum
1057 2330 1235 2362 clamarent
1258 2330 1405 2370 repetitis

1006 2376 1202 2420 Crucifige
1229 2378 1371 2413 vocibus,
