1653 2608
644 84 899 121 —195-

133 180 188 214 10.
216 181 341 221 Gaude,
367 181 458 223 virgo
483 182 631 225 gloriosa,
813 184 867 218 13.
895 182 1016 227 Gaude,
1043 183 1132 224 virgo
1158 183 1305 224 gloriosa,

213 229 455 270 scripturarum
479 231 583 264 duleis
600 232 698 274 glosa,
895 231 1149 272 Contemplatrix
1172 231 1309 265 iubilosa

212 277 263 310 De
288 276 346 309 filii
369 277 508 312 infantia
894 280 1083 314 Scandentis
1108 287 1206 318 super
1231 279 1347 323 sidera,

214 325 372 366 Virilique
397 328 586 371 constantia,
894 328 991 367 Quem
1016 330 1062 367 tu,
1088 327 1182 359 stella
1207 326 1355 367 soligera,

213 373 263 405 De
289 373 356 406 eius
381 374 606 418 baptizatione,
894 376 1015 408 Ventre
1037 376 1125 415 paris
1149 374 1307 415 virginali,

214 421 383 454 Trinitatis
409 422 598 461 ostensione,
895 423 920 457 O
946 422 1064 455 nullius
1090 430 1146 454 rea
1169 422 1263 462 mali;

212 468 262 500 De
287 469 385 510 signis
412 472 444 501 et
468 470 651 509 virtutibus,
892 470 942 503 Da
967 469 1058 502 nobis
1083 471 1162 502 illuc
1184 470 1326 512 tendere,

214 517 301 555 Quae
325 521 360 548 tu
386 517 481 549 elaris
506 516 670 550 obtutibus
890 520 957 559 Quo
982 519 1069 550 visus
1095 520 1144 550 est
1169 517 1343 549 ascendere

214 563 416 605 Frequenter
440 564 647 604 conspexisti3
893 565 1012 598 Noster
1035 565 1133 609 Deus,
1161 567 1269 597 noster
1294 567 1396 605 pater,

213 611 281 644 Nos
306 612 396 644 salva
421 621 499 645 voce
525 611 654 645 Christi.
892 613 1012 646 Nostra
1037 622 1120 655 caro,
1146 616 1255 644 noster
1279 611 1388 645 frater.

132 664 187 699 11.
215 664 337 704 Gaude,
366 665 456 705 virgo
481 664 632 708 gloriosa,
811 666 865 701 14.
893 666 1013 707 Gaude,
1041 665 1129 706 virgo
1154 664 1302 705 gloriosa,

215 712 421 745 Condolendo
446 712 624 752 lacrimosa,
892 714 989 753 Quam
1014 712 1160 754 perfudit
1184 712 1314 751 eopiosa

216 760 294 793 Cum
318 760 430 793 vidisti
455 763 543 793 tuum
568 763 687 802 natum,
891 761 1029 794 Deitatis
1054 761 1173 804 pluvia,

215 807 428 848 Captivatum,
454 807 659 850 flagellatum,
891 808 974 841 Nam
1001 809 1119 842 dudum
1143 809 1238 848 plena
1263 807 1367 848 gratia

214 856 434 899 Vulneratum,
462 859 672 896 cruentatum,
892 857 1010 889 Adhuc
1032 857 1066 888 in
1090 856 1207 897 linguis
1231 855 1332 896 igneis

214 904 301 936 Diris
326 904 427 944 spinis
454 907 646 942 coronatum,
893 904 970 937 Cum
997 904 1110 936 ceteris
1136 903 1289 944 apostolis

212 952 351 984 Mortem
377 952 479 984 crucis
505 953 721 990 sustinentem,
892 952 1039 991 Repleris
1063 961 1154 984 sacro
1179 954 1369 991 pneumate;

213 999 333 1031 Tamen
360 1008 486 1038 semper
509 1000 694 1038 patientem,
891 999 951 1040 Da,
979 1000 1078 1042 virgo,
1105 999 1163 1031 tali
1190 999 1336 1038 dogmate

211 1046 256 1079 Ut
281 1056 336 1079 nos
362 1047 502 1080 salvaret
525 1047 678 1087 miseros,
890 1045 957 1078 Nos
981 1046 1078 1087 igniri
1101 1047 1233 1079 caritate

210 1094 279 1126 Fae
304 1103 361 1126 nos
388 1104 407 1127 a
430 1095 523 1126 malis
548 1094 677 1129 liberos.
889 1094 934 1126 Et
959 1092 1065 1125 fulciri
1091 1094 1248 1127 castitate.

128 1147 181 1179 12.
210 1147 333 1187 Gaude,
360 1147 449 1186 virgo
474 1147 623 1188 gloriosa,
809 1145 863 1179 15.
891 1146 1013 1187 Gaude,
1039 1147 1129 1188 virgo
1151 1146 1300 1190 gloriosa,

208 1194 357 1227 Paradisi
383 1203 519 1228 vernans
545 1203 629 1235 rosa,
889 1195 1008 1227 Potens
1034 1197 1066 1226 et
1088 1195 1270 1236 imperiosa,

208 1244 296 1284 Quae
319 1245 441 1275 tantam
467 1244 542 1284 post
564 1242 729 1275 tristitiam
890 1242 978 1281 Quae
1003 1251 1136 1282 corpore
1162 1245 1194 1274 et
1218 1244 1323 1275 animo

207 1291 287 1323 Tam
314 1290 454 1323 vividam
479 1290 633 1322 laetitiam
887 1290 1063 1330 Assumpta
1089 1299 1121 1322 es
1147 1290 1189 1322 ad
1214 1291 1358 1334 aethera,

205 1339 263 1371 Pio
290 1339 387 1370 corde
413 1338 598 1378 concepisti,
890 1336 954 1371 Ubi
978 1346 1063 1370 nuno
1087 1340 1155 1370 tota
1180 1339 1306 1371 trinitas

205 1386 325 1418 Natum
350 1389 438 1418 tuum
465 1395 534 1418 cum
558 1385 666 1417 vidisti
886 1384 933 1417 Et
956 1386 1040 1418 velle
1064 1386 1111 1417 tui
1136 1386 1240 1418 unitas

207 1434 311 1467 Carne
336 1432 557 1474 glorificatum,
892 1432 972 1465 Sunt
995 1442 1090 1465 unum
1116 1434 1149 1465 in
1173 1434 1323 1475 eonsili0;

205 1483 236 1513 A
260 1485 364 1514 morte
386 1482 592 1521 suscitatum3
889 1480 955 1513 Pro
973 1480 1076 1521 nobis,
1101 1484 1215 1523 mater,
1240 1481 1307 1514 filio

205 1530 269 1562 Per
293 1531 356 1563 hoc
381 1528 492 1562 confer
516 1528 693 1569 tripudium
893 1529 938 1562 Ut
961 1529 1149 1569 imperatrix
1173 1529 1307 1571 impera,

208 1578 370 1610 Aeternae
392 1577 480 1610 vitae
503 1576 689 1618 praemium.
892 1576 1031 1609 Excelsa
1054 1586 1150 1618 super
1175 1578 1292 1610 sidera.

186 1634 266 1662 Orat.
282 1643 336 1662 ms.
351 1633 545 1670 Sangallense
558 1641 633 1662 saec.
650 1631 694 1661 15.
725 1632 794 1661 Cod.
807 1632 974 1669 Sangallen.
988 1630 1053 1662 485.
1065 1633 1100 1661 A.
1114 1648 1153 1653 -—
1167 1633 1235 1662 Cod.
1247 1633 1277 1661 S.
1288 1635 1421 1662 Floriani

107 1673 152 1701 XI
175 1670 229 1700 122
262 1681 339 1701 saec.
355 1671 399 1701 16.
414 1673 447 1700 B.
468 1688 506 1691 —
527 1670 552 1706 2,
567 1671 587 1700 4
605 1673 669 1699 vita
685 1673 718 1700 Β.
738 1686 777 1691 ——-
796 1669 823 1705 3,
838 1669 856 1697 2
877 1672 969 1699 fatum
990 1680 1080 1708 prosa
1094 1673 1128 1700 B.
1149 1687 1185 1691 —
1206 1671 1232 1707 3,
1248 1671 1264 1700 6
1279 1673 1355 1700 Prae
1368 1675 1419 1705 tot,

107 1713 137 1739 te
157 1716 187 1739 et
206 1719 345 1747 sponsam
366 1712 401 1739 A.
421 1726 459 1730 —
480 1709 507 1745 3,
523 1708 541 1738 8
563 1711 606 1739 Ut
624 1710 698 1738 illud
711 1710 750 1744 Β,
771 1709 835 1737 Ave
854 1710 927 1738 fehlt
939 1710 974 1737 A.
988 1726 1026 1730 —
1046 1707 1072 1744 3,
1088 1709 1105 1739 9
1126 1713 1155 1739 et
1173 1711 1247 1739 fehlt
1259 1712 1342 1739 ss.—
1361 1708 1388 1744 4,
1403 1708 1421 1738 8

108 1750 205 1778 mellis
226 1750 311 1778 Iesus
324 1750 359 1777 A.
378 1764 418 1769 —-
438 1748 466 1784 4,
481 1748 498 1778 9
513 1748 610 1777 Suave
632 1749 723 1777 melos
748 1748 863 1776 dulcius
877 1749 912 1776 A.
937 1763 970 1767 —-
993 1747 1019 1783 5,
1034 1746 1052 1776 3
1071 1759 1098 1777 u.
1114 1748 1135 1777 4
1152 1750 1322 1786 umgestellt
1334 1749 1367 1777 B.
1383 1764 1420 1768 —

106 1788 165 1817 Str.
194 1786 212 1817 6
231 1789 292 1816 und
313 1787 330 1815 7
351 1788 449 1817 fehlen
470 1789 502 1816 B.
522 1802 559 1806 —
580 1785 607 1821 8,
627 1784 646 1815 3
666 1788 750 1821 Quae
772 1795 838 1815 eum
858 1786 919 1824 legi
937 1788 980 1814 nil
999 1788 1128 1816 debebas
1147 1788 1180 1816 B.
1202 1803 1240 1809 —
1259 1785 1287 1822 8,
1307 1786 1327 1816 4
1345 1788 1421 1824 Legi

107 1829 207 1855 tamen
228 1830 258 1855 te
279 1827 426 1855 subdebas
449 1827 483 1855 B.
500 1840 538 1846 -—
558 1824 584 1860 8,
606 1824 623 1854 5
645 1825 768 1860 Quando
790 1826 883 1853 Deum
905 1829 988 1853 tuum
1007 1826 1040 1854 B.
1060 1841 1100 1845 —
1119 1825 1145 1861 8,
1161 1825 1177 1853 7
1199 1826 1329 1855 solemne
1348 1835 1419 1863 gau-

107 1866 188 1893 dium
208 1866 241 1894 B.
262 1880 300 1885 —
320 1864 346 1899 9,
363 1864 381 1894 3
394 1865 473 1894 Dum
493 1867 595 1893 natum
615 1865 742 1892 amisisti
754 1865 787 1892 B.
804 1879 839 1884 --
855 1862 880 1897 9,
894 1863 914 1893 4
933 1864 1026 1898 Quem
1049 1865 1167 1894 tandem
1181 1867 1322 1893 invenisti
1334 1865 1367 1893 B.
1382 1879 1419 1883 —

108 1902 151 1938 10,
173 1903 193 1933 4
218 1904 261 1932 Et
285 1905 367 1933 virili
387 1905 420 1932 B.
444 1916 478 1923 -
500 1902 546 1937 10,
567 1902 584 1932 5
604 1903 651 1932 De
674 1903 815 1940 baptismi
841 1906 1024 1931 sacramento
1044 1904 1077 1931 B.
1098 1919 1135 1923 —-
1156 1901 1201 1937 10,
1224 1903 1240 1932 6
1264 1904 1419 1931 Trinitatis

105 1943 141 1971 de
171 1945 284 1972 ostento
310 1943 345 1970 B.
372 1960 410 1964 —
439 1941 481 1978 10,
506 1940 541 1971 10
560 1943 621 1971 Fae
649 1941 725 1970 libro
746 1943 826 1969 vitae
847 1943 912 1970 sisti
932 1942 966 1969 B.
986 1956 1023 1960 —
1046 1940 1089 1977 11,
1112 1942 1132 1971 4
1153 1941 1309 1977 Captivum
1328 1942 1361 1970 B.
1382 1955 1419 1959 —-

105 1980 149 2016 11,
172 1981 189 2011 9
218 1982 347 2010 solveret
372 1982 406 2010 A.
433 1996 470 2001 —
499 1979 542 2015 12,
563 1979 583 2009 4
610 1981 684 2010 Tam
709 1980 848 2008 mundam
877 1980 1020 2009 laetitiam
1046 1981 1078 2008 Β.
1100 1996 1131 2002 -
1160 1978 1202 2015 13,
1225 1978 1243 2008 3
1270 1980 1418 2008 Scandens

103 2021 163 2048 AB.
195 2035 231 2040 -—
261 2018 304 2055 13,
326 2018 344 2048 6
364 2021 409 2048 Tu
430 2021 541 2049 nullius
561 2020 595 2048 B.
616 2036 654 2041 —-
677 2017 720 2054 13,
741 2016 759 2046 8
780 2022 826 2046 est
846 2018 920 2047 fehlt
937 2019 971 2047 A.
991 2033 1028 2038 —
1051 2017 1094 2054 13,
1118 2019 1135 2048 9
1155 2022 1255 2047 noster
1275 2019 1348 2046 fehlt
1367 2018 1418 2045 das

103 2060 268 2088 zweitemal
291 2060 325 2088 Α.
354 2075 391 2080 ——
421 2057 465 2093 14,
487 2057 504 2086 2
524 2058 674 2095 perfundit
693 2058 727 2086 A.
747 2072 786 2077 —-
806 2057 887 2086 Naeh
913 2056 954 2091 14,
976 2055 996 2085 4
1012 2058 1244 2095 eingesehoben:
1267 2058 1419 2085 Damnosa

102 2098 217 2134 pellens
242 2099 320 2126 vitia
338 2098 371 2125 B.
399 2112 437 2117 -
468 2096 512 2133 14,
532 2095 551 2125 8
570 2097 626 2126 tali
645 2094 790 2134 dignitate
809 2097 844 2124 A.
865 2111 901 2115 —
925 2094 969 2129 14,
989 2095 1006 2124 9
1026 2097 1089 2125 Nos
1109 2097 1200 2134 igitur
1220 2095 1276 2124 tali
1295 2096 1417 2123 caritate

101 2137 135 2166 B.
157 2153 195 2157 -—
219 2135 263 2172 14,
286 2135 321 2166 10
343 2137 468 2164 caritate
486 2137 520 2165 B.
542 2150 579 2154 —
602 2133 645 2170 15,
667 2134 684 2163 9
704 2136 830 2171 impetra
847 2135 881 2162 B.
903 2148 938 2154 ff<
962 2133 1005 2170 15,
1026 2132 1061 2163 10
1080 2136 1154 2164 fehlt
1172 2135 1207 2162 A.

527 2211 586 2242 187.
624 2209 666 2241 De
685 2208 741 2241 XV
763 2207 892 2241 saumis
913 2209 1000 2241 BMV.

116 2266 147 2299 1.
175 2264 299 2304 Gaude,
329 2264 419 2305 virgo
444 2262 612 2305 virginum,
866 2260 1037 2302 Gaudium,
1065 2270 1134 2292 cum
1160 2259 1267 2293 fueras

219 2322 358 2354 namque
381 2316 455 2344 tuus
481 2314 575 2352 pater
913 2312 994 2351 orta,
1020 2311 1221 2349 receperunt,

175 2362 317 2395 Ioaohim
343 2370 382 2394 ao
408 2360 535 2394 domina
863 2358 923 2398 Qui
948 2359 1109 2390 transacto
1135 2358 1279 2397 tempore

222 2412 332 2453 Anna,
357 2413 415 2443 tua
437 2412 552 2451 mater,
913 2406 1058 2439 dolentes
1082 2403 1223 2438 fuerunt.

1185 2449 1245 2480 13*
