1651 2606
669 49 926 84 -178-

163 151 196 186 5.
221 153 300 196 Ave,
327 156 469 186 nostrum
493 150 650 193 gaudium,
841 147 871 178 6.
897 145 977 185 Ave,
1003 142 1100 183 plena
1123 140 1238 182 gratia,

268 200 370 233 Laeta
395 209 475 241 quae
496 198 606 230 vidisti
946 191 1046 230 Virgo
1070 191 1245 243 coronata,-

219 248 454 281 Ascendentem
478 246 585 288 filium,
898 239 1027 272 Summa
1051 246 1120 270 eum
1144 237 1269 270 laetitia

267 296 364 335 Quem
390 298 424 326 tu
448 291 619 334 peperisti3
946 285 1040 318 Caelo
1067 285 1217 324 exaltata,
1265 331 1272 337 ι

218 343 300 375 Vitis
325 351 342 374 0
366 340 542 380 fructifera,
896 334 976 375 Spes
1002 335 1035 364 et
1057 335 1169 365 nostra
1193 332 1305 372 gloria,

264 390 386 430 Sponsa
409 388 481 421 Iesu
507 385 634 428 Christi,
946 381 1092 414 Clemens
1117 380 1284 419 advocata,

219 437 315 470 Salva
338 445 393 467 nos
418 438 450 465 et
472 433 575 466 libera.
896 429 997 462 Nobis
1022 429 1056 460 in
1078 427 1231 460 memoria

263 484 313 515 De
337 483 450 514 timore
473 481 568 513 tristi.
947 476 998 509 Sis
1022 476 1208 516 propitiata,

497 541 527 571 7.
552 539 616 570 Per
637 538 718 569 haec
743 536 880 577 quinque
903 535 1029 577 gaudia,

602 584 701 616 Verbi
725 584 786 617 Dei
813 583 903 624 cella,

554 633 669 666 Mortis
698 634 753 664 tua
779 631 883 672 gratia.

601 680 683 713 Dira
705 681 800 720 placa
823 679 909 711 bella

553 730 661 768 Atque
681 736 738 759 nos
764 736 784 758 a
809 726 968 764 dentibus,

603 776 713 816 Virgo,
738 775 836 807 maris
859 775 964 816 stella,

556 823 685 856 Tartari
710 822 903 855 foetentibus

601 871 699 911 Erue,
724 870 844 910 puella.

226 929 295 956 God.
318 928 480 956 Londinen.
520 928 583 964 Reg
603 926 620 953 7
641 927 667 954 A
687 925 738 954 V1.
759 934 826 953 saec
846 923 873 943 14
888 934 922 953 1⁷--
943 925 977 952 A.
1047 924 1110 952 Aus
1132 926 1213 952 einer
1226 923 1457 952 Wolfenbiittler

184 966 409 999 s-(Milchsack,
424 965 472 998 87)
490 967 524 994 B.
546 980 584 984 —
612 963 638 998 1,
658 963 678 992 4
696 974 768 1000 prae
787 964 822 992 dc
822 965 888 992 lore
907 964 942 991 A.
962 978 1001 982 —-
1020 960 1047 998 1,
1067 962 1085 990 5
1105 963 1174 990 Nisi
1193 963 1249 991 tibi
1268 963 1304 990 A
1332 976 1370 981 ——
1392 961 1417 994 1,
1439 960 1457 989 6

150 1014 214 1033 cum
233 1005 330 1032 virore
349 1004 383 1030 A.
404 1018 440 1023 —-
461 1002 487 1039 2,
501 1002 519 1033 3
540 1004 622 1038 Quae
641 1005 673 1030 in
692 1003 781 1038 plena
799 1003 833 1030 A.
855 1016 892 1020 —
912 1000 937 1033 2.
952 1000 972 1029 4
990 1002 1081 1037 Virgo
1104 1003 1266 1036 concepisti
1281 1000 1317 1027 A.
1338 1015 1375 1020 -
1395 999 1422 1032 3,
1439 999 1457 1027 b*

149 1043 235 1070 nobis
254 1042 388 1070 natusB.
407 1056 445 1061 -·-
465 1041 491 1076 5,
506 1039 523 1070 3
544 1012 711 1069 dor-uinumP
705 1042 740 1068 B.
759 1055 799 1060 —
817 1039 843 1074 5,
860 1038 877 1068 5
898 1041 1006 1069 Ovifis
1021 1039 1056 1066 B.
1077 1054 1115 1059 -—
1133 1037 1161 1073 6,
1175 1037 1196 1067 4
1214 1039 1457 1067 0011000133-

150 1081 175 1115 6,
202 1079 219 1108 5
244 1080 284 1116 Sp
288 1089 317 1107 es
343 1088 359 1107 0
387 1082 489 1108 nostra
512 1080 545 1108 B.
571 1095 588 1099 —
634 1077 660 1113 6,
684 1078 701 1105 7
728 1079 821 1107 Nobis
847 1087 914 1105 cum
937 1079 1064 1106 victoria
1083 1079 1115 1106 B.
1142 1091 1180 1096 —
1206 1076 1232 1110 7,
1256 1076 1270 1104 1
1299 1078 1358 1105 Per
1383 1077 1458 1105 haec

152 1127 269 1154 quoque
266 1089 411 1146 pvulnera
429 1118 463 1145 B.
481 1132 520 1137 —-
540 1117 566 1152 7,
581 1116 599 1146 3
618 1118 725 1145 Mortis
743 1118 790 1145 ‘tui
809 1118 842 1145 B.
861 1132 900 1136 -—
920 1114 947 1150 7,
959 1114 980 1143 4
997 1116 1081 1144 Pelle
1099 1115 1166 1143 dira
1183 1097 1265 1143 bella
1281 1116 1316 1142 B.
1337 1130 1372 1135 —-
1397 1114 1424 1149 7,
1439 1113 1457 1141 7

152 1156 318 1184 sedentibus
338 1156 372 1184 B.
392 1171 430 1175 —
449 1155 476 1190 7,
490 1154 507 1184 8
527 1156 619 1192 Eripe
637 1156 671 1183 B.

570 1230 632 1261 175.
670 1229 715 1261 De
733 1230 761 1260 V
782 1228 909 1261 Gaudiis
927 1227 1015 1260 BMV.

321 1290 425 1331 Salve,
451 1290 545 1322 stella
568 1291 678 1330 maris,
703 1291 766 1330 via,
791 1291 881 1331 virgo
904 1289 1021 1330 Maria,
1046 1288 1169 1328 salutis,

320 1338 391 1370 Lux
416 1338 526 1379 caecis,
556 1338 678 1369 claudis
700 1346 837 1380 gressus,
864 1336 1014 1369 facundia
1039 1336 1145 1368 mutis.

322 1385 425 1425 Salve,
453 1385 627 1416 munditiae
651 1386 751 1424 virgo,
777 1388 923 1417 matrona
945 1384 1088 1427 pudoris,

319 1431 435 1472 Mater,
462 1441 554 1471 quam
579 1432 702 1471 puritas
728 1436 829 1473 ornat,
856 1433 967 1472 regina
989 1432 1123 1464 decoris.

261 1480 291 1512 5.
318 1479 453 1511 Nomine
476 1479 645 1519 multiplici
668 1487 743 1511 vera
767 1481 800 1510 te
823 1480 982 1519 scriptura
1010 1479 1149 1517 decorat,

321 1528 417 1566 Quam
444 1534 541 1565 mare,
567 1529 665 1569 terra,
691 1527 794 1566 poluS,
820 1536 912 1568 quam
938 1528 1070 1567 spiritus
1094 1528 1195 1559 omnis
1221 1527 1347 1560 adorat.

322 1574 371 1605 Tu
395 1572 463 1613 fios,
490 1576 524 1605 tu
549 1572 681 1617 fructus,
708 1577 743 1605 tu
764 1572 846 1615 fons,
872 1584 946 1607 rosa
970 1578 1005 1606 tu
1027 1575 1097 1606 sine
1121 1575 1223 1614 spina,

323 1622 404 1661 Spes
428 1621 563 1661 miseris,
588 1620 683 1653 fessis
706 1622 842 1664 requies,
868 1622 971 1663 aegris
994 1623 1164 1665 medicina,

324 1668 379 1700 Sol
402 1668 549 1710 rutilam,
576 1678 691 1701 aurora.
714 1670 834 1701 micans
859 1670 929 1702 sine
952 1679 1095 1713 vespere,
1121 1675 1217 1709 porta

239 1713 293 1748 10.
319 1716 474 1754 Iustitiae,
502 1724 560 1755 per
584 1726 677 1757 quam
700 1717 757 1749 lux
784 1718 903 1749 caelica
927 1718 1049 1758 prodiit
1073 1721 1153 1751 orta.

324 1763 457 1803 Sponsa,
483 1764 592 1796 thorus
617 1765 736 1806 sponsi,
762 1765 930 1807 thalamus,
957 1766 1079 1798 vinaria
1104 1766 1195 1805 cella,

325 1811 513 1854 Remigium,
540 1820 598 1850 per
622 1812 707 1852 quod
731 1813 828 1845 maris
853 1816 903 1845 est
925 1814 1027 1846 vitata
1049 1814 1202 1854 procella,

325 1858 455 1897 Virgula
479 1859 633 1900 pigmenti
657 1860 815 1900 redolenS,
846 1861 1015 1901 paradisus
1040 1870 1222 1906 amoenans,

325 1906 445 1937 Hortus
471 1906 646 1945 conclusus,
672 1911 706 1939 tu
730 1908 785 1940 lux
810 1908 978 1941 tenebrosa
1003 1918 1165 1942 serenans.

239 1955 295 1987 15.
322 1953 420 1993 Virga
443 1953 547 1985 virens
572 1956 682 1986 Aaron
703 1955 867 1996 vellusque
891 1957 1024 1989 madens
1050 1957 1220 1997 Gedeonis,

324 2001 410 2040 Quae
435 2000 519 2032 vires
544 2001 660 2033 veteris
686 2002 792 2034 vicisti
816 2004 884 2035 sola
910 2004 1067 2039 draconis,

326 2049 375 2080 Tu
398 2048 450 2079 lac
475 2048 613 2091 dulcore,
639 2054 675 2081 tu
698 2049 841 2082 balsama
865 2051 967 2084 vineis
993 2054 1099 2097 odore,

326 2095 410 2129 Lilia
434 2096 573 2128 candore
594 2097 763 2136 praecellis
787 2099 912 2139 melque
937 2109 1061 2140 sapore.

326 2145 376 2177 Tu
400 2142 533 2196 fulgens,
561 2144 705 2185 rutilans,
730 2149 766 2177 tu
792 2147 939 2188 candida,
965 2151 999 2180 tu
1022 2149 1212 2192 rubicunda,

241 2193 295 2225 20.
323 2192 372 2223 Tu
396 2191 540 2232 speciosa
563 2191 656 2223 nimis
682 2170 713 2224 e't
734 2193 773 2224 ab
797 2194 881 2226 omni
907 2197 1038 2229 erimine
1062 2198 1190 2231 munda.

326 2239 374 2271 Tu
398 2247 491 2271 saera
515 2239 698 2282 Ierusalem,
723 2243 759 2271 tu
782 2250 877 2275 verae
902 2244 981 2276 visio
1007 2245 1105 2285 pacis,

327 2286 410 2319 Pace
436 2287 510 2321 data
534 2287 695 2320 machinas
718 2287 820 2320 hostis
847 2290 1011 2332 confringe
1034 2293 1174 2333 rapacis.

327 2335 435 2367 Arbor
459 2333 630 2378 odorifera,
658 2334 793 2369 fecundo
818 2340 967 2377 praedita
990 2339 1107 2383 fructu,
