1651 2606
645 58 900 94 -160—

148 167 203 201 37.
230 166 255 199 Ο
280 165 307 197 si
332 165 439 207 scires,
466 164 615 203 quantum
638 167 688 190 me

275 222 379 254 poena
401 212 480 244 haec
504 208 666 251 gravabat,

229 261 359 301 Quando
384 258 452 291 nati
474 263 620 289 manuum

274 308 383 348 plagas
410 304 573 342 dilatabat,

229 356 418 395 Quamquam
442 347 689 390 profundissime

272 402 342 441 ipse
366 397 574 440 supplicabat,

226 450 268 481 Et
294 457 383 488 quam
409 443 604 477 amarissime

274 503 347 526 vere
370 496 445 524 tunc
467 490 625 531 plorabat.

148 572 202 606 38.
229 570 356 604 Stabam
382 568 439 600 sub
465 566 607 609 patibulo

272 620 373 648 mater
397 615 486 647 verbi
510 614 579 657 Dei,

227 664 345 696 Videns
365 664 433 702 pati
456 661 626 694 Dominum

271 712 437 743 universae
461 710 518 750 rei,

228 757 438 792 Condolebam
458 757 569 788 intime

274 806 340 838 eius
366 805 493 847 speciei,

228 854 326 893 Quam
353 852 525 885 deformem
551 850 694 883 fecerant

273 902 450 941 torquendo
475 899 597 932 Iudaei.

147 978 202 1011 39.
228 978 266 1009 In
291 977 442 1017 languore
466 975 601 1007 maximo

276 1026 309 1055 et
333 1023 441 1055 dolore
464 1022 553 1063 gravi

228 1071 281 1103 Ad
305 1074 412 1103 natum
436 1069 620 1109 saepissime

276 1119 382 1150 oculos
406 1118 518 1161 levavi,

230 1166 312 1197 Vere
336 1174 405 1206 vae,
431 1167 465 1197 ut
488 1166 641 1204 poteram,

279 1222 347 1254 vae,
373 1211 427 1253 fili,
456 1212 590 1243 clamavi

229 1261 297 1302 Ego
321 1264 353 1292 te
377 1261 419 1292 ad
443 1267 561 1301 poenas
585 1259 653 1300 has,

278 1307 334 1348 fili,
360 1308 519 1347 generavi.

152 1384 208 1416 40.
234 1383 367 1422 Suspexi
392 1382 552 1414 multoties

279 1430 320 1462 ad
344 1433 450 1461 natum
475 1438 671 1470 suspensum,

230 1478 268 1509 In
294 1485 385 1508 cruce
410 1477 560 1509 atrociter

282 1525 448 1568 clavatum,
476 1524 658 1564 distensum,

237 1571 344 1604 Solum
367 1572 483 1603 iustum
507 1571 606 1603 filium

281 1619 364 1651 inter
386 1628 456 1651 reos
481 1628 613 1658 pensum

236 1666 280 1698 Et
303 1667 381 1698 haec
405 1675 530 1706 gemens
554 1667 681 1705 perdidi

283 1722 384 1753 paene
408 1723 511 1746 meum
535 1723 670 1747 sensum.

157 1789 213 1823 41.
239 1791 276 1822 In
304 1790 412 1822 dolore
435 1790 570 1822 maximo

285 1835 384 1868 filium
408 1837 554 1870 videbam

238 1885 283 1917 Et
305 1884 416 1916 iuvare
439 1886 564 1924 penitus

287 1940 357 1963 eum
381 1940 444 1963 non
468 1933 623 1975 valebam,

242 1979 394 2017 Gemitus,
420 1980 566 2018 suspiria,

288 2026 441 2067 singultus
467 2027 609 2067 edebam,

243 2074 405 2107 Lacrimas
429 2074 621 2114 multiplices

291 2130 397 2154 amare
420 2120 602 2155 fundebam.

162 2200 218 2233 42.
245 2199 319 2231 Vidi
345 2206 466 2230 sacram
491 2197 605 2230 faciem

292 2250 324 2278 et
350 2246 542 2286 deliciosam,

247 2296 324 2328 Plus
349 2302 439 2334 quam
465 2293 572 2334 lingua
597 2294 754 2333 exprimat

294 2342 428 2382 dulcem,
452 2342 633 2383 gratiosam,

900 151 1012 184 Multis
1037 158 1117 190 prae
1141 145 1295 188 angustiis

947 201 1047 231 totam
1071 197 1284 233 lacrimosam,

901 247 1117 285 Cruentatam,
1142 243 1275 276 lividam

949 295 1045 333 atque
1069 290 1271 323 maculosam.

822 373 878 405 43.
903 370 986 402 Nam
1010 372 1076 400 tam
1100 368 1208 406 largas
1232 365 1382 398 lacrimas

950 417 1034 449 oculi
1058 415 1234 455 stillabant,

901 465 993 505 Quod
1015 472 1096 505 prae
1119 461 1327 495 multitudine

948 511 1041 545 fietus
1067 510 1258 552 caligabant,

903 561 983 600 Quia
1008 559 1087 592 nulli
1110 559 1256 597 aderant,

952 608 1005 649 qui
1030 616 1082 640 eos
1108 606 1315 646 mundabant,

905 655 969 689 Sed
992 656 1153 697 lugentem
1177 653 1279 686 filium

950 703 1042 735 multi
1066 701 1315 734 subsannabant.

822 782 878 814 44.
904 780 1055 812 Sanctum
1081 780 1178 818 eaput
1201 777 1261 810 filii

949 828 1069 860 lassum
1095 826 1307 866 dependebat,

903 876 997 917 Nam,
1022 875 1075 907 ubi
1103 875 1289 917 quiesceret,

950 925 1039 956 locus
1064 931 1128 955 non
1152 921 1310 959 manebat,

908 972 1038 1003 Praeter
1062 970 1170 1011 spinas
1195 969 1326 1001 minime

951 1018 1100 1059 pulvinar
1124 1016 1272 1054 habebat,

906 1066 1000 1099 Cuius
1026 1065 1118 1098 dolor
1141 1064 1310 1105 multiplex

953 1113 1086 1146 multum
1110 1121 1161 1144 me
1187 1111 1367 1152 torquebat.

824 1192 879 1224 45.
903 1190 1021 1222 Manus
1046 1189 1288 1231 sacratissimas,

952 1247 1029 1278 quas
1054 1246 1150 1277 saepe
1175 1236 1320 1279 tractavi,

905 1286 1079 1318 Laceratas
1102 1284 1244 1325 graviter

953 1337 1030 1365 tunc
1055 1332 1264 1369 consideravi,

908 1382 991 1421 Quas
1016 1379 1175 1421 augebant
1198 1379 1346 1420 nequiter

954 1427 1134 1469 perforatas
1161 1427 1253 1467 clavi,

911 1476 995 1516 Quos
1020 1476 1052 1507 in
1076 1476 1125 1508 his
1151 1475 1381 1508 transfixerant

955 1527 1031 1556 tunc
1055 1523 1165 1556 Iudaei
1188 1523 1294 1563 pravi.

826 1603 882 1634 46.
906 1601 1027 1641 Aspexi
1055 1600 1255 1640 dignissimos

956 1648 1055 1689 pedes
1079 1648 1228 1689 laniatos,

908 1697 990 1737 Heu,
1017 1704 1184 1736 percussos
1210 1696 1335 1739 malleo,

958 1743 1043 1776 ferro
1068 1743 1258 1785 terebratos,

911 1792 1026 1824 Omnes
1049 1795 1138 1824 artus
1165 1792 1307 1832 corporis

959 1840 1053 1871 simul
1078 1840 1234 1871 cruciatos

910 1886 955 1918 Et
979 1895 1145 1926 compages
1168 1887 1286 1919 ossium

963 1934 1031 1966 dire
1058 1935 1240 1974 dissipatos

832 2011 887 2042 47.
916 2009 1049 2043 Gustum
1073 2011 1136 2042 mei
1159 2011 1219 2043 filii

964 2056 1039 2090 felle
1065 2059 1258 2103 cruciabant,

916 2105 1069 2138 Auditum
1093 2105 1300 2148 blasphemiis

965 2153 1075 2186 Iudaei
1100 2155 1270 2200 vexabant,

921 2200 1079 2233 olfactum
1103 2204 1289 2242 putredines

966 2249 1030 2281 loci
1052 2251 1298 2291 tormentabant,

920 2296 965 2327 Et
988 2297 1067 2329 haec
1091 2297 1184 2330 simul
1210 2300 1315 2332 omnia

969 2345 1103 2376 multum
1127 2354 1179 2377 me
1203 2348 1391 2385 gravabant.
