1651 2606
598 57 643 64 -—
693 36 856 72 204-

92 141 122 174 5.
150 138 238 184 Veni,
266 141 377 178 mater,
404 137 476 170 veni
499 143 630 174 mecum,

148 187 228 227 Quia
254 195 306 218 ero
332 194 458 226 semper
479 187 580 216 tecum

194 234 296 267 Filius
321 237 393 266 tuus
418 234 524 271 Iesus;

148 283 237 314 Tunc
261 281 429 322 Seraphim
455 276 645 311 exclamavit

147 330 192 362 Et
217 328 387 362 Cherubim
410 325 565 358 intonuit:

197 377 286 414 Veni,
312 375 392 407 caeli
418 373 537 412 regina.

93 436 123 467 6.
149 434 194 465 Et
217 434 264 465 sic
288 431 387 464 omnis
414 428 595 461 hierarchia

146 479 352 513 Adclamavit
374 486 452 510 voce
475 477 547 516 pia:

196 527 288 566 Veni,
313 527 423 558 nostra
449 523 585 557 domina.

149 575 237 607 Haec
261 573 397 614 apostoli
422 571 566 604 videntes

150 622 195 654 Et
220 620 340 661 angelis
365 619 593 659 respondentes

196 669 369 700 Dixerunt:
395 667 508 707 Amen,
535 675 636 700 amen.

766 134 797 166 7.
823 132 914 163 Tunc
938 129 1046 162 Maria
1069 129 1103 162 in
1129 135 1263 169 corpore

823 179 979 218 Fulgente
1002 177 1082 208 miro
1110 176 1224 208 decore

869 225 983 258 Exivit
1008 225 1047 256 de
1072 224 1203 264 tumulo,

825 274 923 313 Quam
949 272 1056 305 statim
1082 271 1227 305 Christus
1256 270 1379 304 dotavit

822 321 868 354 Et
889 320 1081 353 mirabiliter
1105 319 1233 351 ornavit

872 368 972 410 Regio
998 376 1038 400 ex
1061 368 1188 399 annulo.

767 427 799 459 8.
825 425 880 458 Sic
902 426 935 458 in
962 425 1085 458 caelum
1109 426 1264 456 coronata

825 473 982 507 Ascendit
1006 473 1095 513 virgo
1121 471 1216 505 beata

873 522 910 555 In
935 521 1037 562 regali
1061 519 1151 561 solio,

826 569 875 603 Ibi
900 578 959 609 pro
985 568 1076 601 nobis
1101 571 1214 600 exorat

826 616 928 650 Deum
949 619 1073 656 patrem
1099 618 1131 648 et
1152 615 1305 657 implorat

877 664 1055 697 Clementer
1081 672 1148 696 cum
1175 662 1251 696 filio.

155 734 233 762 Orat.
261 741 313 760 ms.
334 733 510 768 Tegurinum
532 733 602 759 anni
625 729 706 759 1476.
727 730 800 758 Clm.
822 729 975 758 Monacen.
1000 726 1095 757 19991
1116 729 1152 755 A.
1171 742 1211 747 —
1230 729 1310 756 Orat.
1328 737 1382 756 ms.

79 772 312 800 Underdorfense
332 778 408 798 saec.
431 768 474 798 15.
496 769 568 798 Glm.
588 770 742 797 Monacen.
764 765 847 796 7815.
868 768 901 795 B.
923 781 959 786 —-
974 767 1060 795 Nach
1081 765 1106 801 1,
1121 764 1140 793 3
1154 766 1304 794 schiest
1320 768 1384 795 ein:

556 817 628 845 Cum
648 816 816 844 caelestium
836 816 919 843 curia

560 854 722 884 Descendit
742 854 790 882 die
809 854 898 882 tertia

596 894 680 921 Iesus
699 892 866 920 visibiliter.

81 949 106 977 ὕ,
127 941 145 971 3
164 945 225 971 tam
243 941 460 970 immaculatum
480 941 514 968 A.
535 957 571 961 —
592 940 619 975 7,
641 939 658 968 6
678 940 726 968 Ex
744 941 825 978 regio
847 940 955 968 annulo
975 939 1009 966 B.

495 1033 555 1065 196.
587 1033 623 1064 In
644 1032 863 1074 Assumptione
882 1031 969 1063 mlv.

98 1105 128 1138 1.
154 1104 234 1146 Ave,
261 1112 341 1144 quae
367 1104 446 1136 caeli
470 1103 552 1136 atria

156 1151 282 1184 Summa
306 1151 435 1183 intrasti
457 1151 568 1192 gloria,

155 1198 231 1230 Tuis
256 1201 410 1231 astantem
436 1198 576 1230 crebrius

153 1246 295 1279 Attende
320 1246 456 1278 clemens
480 1246 639 1279 laudibus.

98 1305 128 1337 2.
158 1304 237 1343 Ave,
265 1312 356 1342 quam
383 1303 467 1334 vocis
493 1311 610 1342 organo

154 1350 266 1383 Laudo
293 1351 451 1390 cordeque
475 1358 621 1388 consonO,

154 1397 296 1430 Mentem
319 1406 423 1429 meam
446 1397 592 1429 illumina

157 1445 219 1476 Per
244 1445 446 1477 lacrimarum
470 1442 610 1476 fiumina.

100 1502 131 1535 3.
158 1502 236 1545 Ave,
262 1510 281 1533 o
304 1501 367 1534 Dei
390 1500 466 1540 filia,

160 1549 255 1581 Cuius
279 1549 401 1581 intrans
429 1548 545 1581 cubilia

159 1595 284 1628 Gaudes
306 1595 519 1634 ineffabiliter,

158 1643 265 1683 Ipsum
293 1644 425 1676 laudans
451 1644 643 1683 perenniter.

774 1105 806 1136 4.
832 1104 912 1142 Ave,
940 1110 1033 1143 quam
1056 1100 1231 1135 honorifice

831 1150 968 1183 Turmae
992 1150 1127 1182 laudant
1150 1149 1323 1190 angelicae,

831 1200 938 1238 Atque
963 1200 1071 1229 creata
1094 1196 1200 1229 omnia

831 1245 901 1277 Tua
927 1245 1036 1277 dicunt
1060 1245 1242 1285 praeconia.

799 1328 806 1337 .
832 1303 914 1344 Ave,
942 1311 1023 1342 quae
1047 1302 1126 1334 caeli
1151 1301 1284 1342 gloriam

831 1349 938 1381 Nacta
963 1357 995 1380 es
1020 1358 1080 1388 per
1103 1349 1272 1382 victoriam

832 1396 943 1429 Hostis
967 1396 1079 1429 mundi
1103 1399 1137 1428 et
1158 1397 1322 1437 sanguinis

832 1443 875 1476 Vi
897 1444 1029 1484 superni
1053 1443 1247 1484 spiraminis.

801 1529 807 1535 .
833 1502 913 1542 Ave,
938 1502 1039 1542 virgo,
1066 1509 1161 1541 quam
1185 1501 1315 1533 inclitus

834 1548 1029 1589 Angelorum
1054 1549 1212 1581 exereitus

834 1596 961 1629 Laudat
983 1599 1015 1628 et
1040 1598 1260 1629 conventicula

834 1644 1007 1676 Beatorum
1031 1653 1091 1684 per
1115 1645 1253 1677 saecula.

163 1707 241 1735 Orat.
262 1717 315 1736 ms.
334 1709 471 1745 Tegurin.
494 1709 565 1736 anni
586 1706 667 1736 1467.
689 1708 761 1737 Clm.
781 1709 934 1737 Monacen.
958 1707 992 1737 19
1003 1707 1067 1738 991.

497 1810 556 1842 197.
586 1810 629 1842 De
648 1811 866 1851 Assumptione
885 1812 973 1843 BMV.

107 1882 137 1916 1.
162 1882 187 1914 O
211 1882 400 1922 imperatrix
424 1883 521 1923 regia,

162 1929 250 1961 Caeli
274 1931 308 1960 et
329 1931 437 1961 terrae
462 1930 598 1969 domina,

160 1977 266 2009 Mater
290 1976 352 2008 Dei
377 1976 500 2019 eximia,

163 2023 390 2065 virginumque
413 2024 636 2064 pulcherrima.

105 2084 135 2115 2.
163 2081 377 2122 supernorum
401 2080 532 2119 laetitia,

163 2130 291 2171 Stupor‚
319 2129 432 2161 festum
460 2133 491 2160 et
514 2129 625 2169 gloria,

164 2176 260 2217 Laus,
289 2177 383 2209 decus
407 2176 508 2209 nostri
533 2177 656 2217 generis

167 2224 388 2265 Salvatrixque
411 2224 576 2256 mirabilis.

781 1884 812 1915 3.
839 1882 893 1914 Ad
917 1891 1073 1915 summum
1097 1885 1189 1923 regni
1211 1885 1326 1917 solium

838 1930 961 1962 Evecta
985 1934 1019 1962 et
1042 1929 1216 1973 fastigium,

838 1977 905 2009 Nos
931 1978 1037 2010 clarae
1061 1982 1135 2011 tuae
1161 1981 1269 2013 curiae

841 2025 996 2058 Ascribas
1021 2028 1054 2058 et
1076 2024 1226 2061 familiae.

806 2109 813 2116 .
839 2082 996 2115 Immenso
1021 2084 1127 2118 cordis
1151 2085 1252 2119 iubilo

840 2132 945 2171 Atque
969 2131 1074 2164 laudis
1100 2133 1242 2174 tripudio

841 2178 934 2211 Nunc
954 2178 1057 2212 Deum
1082 2181 1301 2214 benedicimus

841 2227 903 2259 Pro
929 2227 988 2259 tibi
1010 2228 1092 2261 datis
1117 2229 1273 2262 omnibus.

168 2289 247 2319 Orat.
277 2299 330 2318 ms.
355 2290 534 2327 Tegurinum
563 2291 634 2318 anni
666 2288 746 2318 1470.
778 2290 849 2320 clm.
878 2293 1031 2321 Monacen.
1062 2292 1170 2323 20021.
1200 2295 1235 2323 A.
1261 2311 1299 2316 —
1325 2296 1394 2325 Cod.

93 2328 122 2356 S.
143 2328 224 2356 Petri
244 2327 442 2365 Salisburgen.
463 2329 481 2356 b
502 2328 560 2357 VII
582 2326 626 2358 10.
647 2337 722 2357 saec.
745 2327 789 2358 15.
808 2330 842 2358 B.
