1651 2606
142 182 172 214 5.
199 180 281 221 Ave,
303 178 386 221 Iesu,
414 180 468 219 qui
492 181 605 213 misisti
856 183 887 216 9.
913 182 994 222 Ave,
1021 189 1089 223 ave,
1115 181 1190 215 Iesu
1213 182 1305 221 bone,

199 226 398 260 Paraclitum
425 229 457 258 et
481 226 571 260 fuisti
913 229 975 261 ¹Tui
1001 229 1107 261 cordis
1131 230 1283 261 scissione

248 274 369 308 Caesus
393 275 474 307 hora
496 276 604 318 tertia,
962 275 1135 310 Confertur
1157 276 1290 318 utilitas,

201 322 269 355 Fac
293 330 345 354 me
372 322 467 363 digne
491 321 656 363 flagellare
914 324 1049 365 Sanguis
1073 326 1146 356 tuus
1170 332 1220 356 me
1246 323 1405 365 emundet,

203 370 351 410 Carnem,
378 370 483 402 sancti
508 373 697 411 exspectare
915 373 979 406 Cor
999 371 1183 416 impinguet,
1213 380 1267 403 cor
1283 370 1443 413 fecundet,

250 417 392 459 Spiritus
417 418 548 450 solacia.
964 419 1111 452 Tollatur
1134 417 1314 451 infirmitas.

145 496 176 529 6.
201 495 283 534 Ave,
309 494 393 535 Iesu,
419 494 474 533 qui
498 494 660 533 proiectus
833 495 889 530 10.
914 496 997 536 Ave,
1021 495 1075 535 qui
1101 494 1279 527 decubuisti

202 542 307 574 Extra
330 543 457 581 portam
484 543 516 572 et
542 544 665 574 erectus
916 543 1014 575 Lecto
1041 543 1143 576 crucis
1170 544 1201 575 et
1228 541 1318 574 fuisti

252 590 291 622 In
318 589 421 621 crucis
448 597 481 620 es
506 589 660 630 patibulo,
964 591 1064 623 Totus
1086 591 1121 622 in
1147 589 1320 629 doloribus,

206 637 265 676 Qui
290 636 439 668 misertus
466 645 499 668 es
522 637 670 675 latronis,
918 638 1018 678 Opem
1044 637 1094 670 fer
1118 639 1151 669 in
1173 638 1257 669 lecto
1283 637 1405 680 mortis,

205 685 295 718 Tuae
318 683 533 716 miserationis
916 685 1000 718 Mihi
1024 686 1069 717 sis
1095 685 1223 718 adiutor
1246 683 1352 726 fortis,

252 732 320 765 Nos
345 732 489 771 astringe
514 731 663 765 vinculis.
964 731 1124 765 Defensor
1145 733 1185 765 ab
1211 732 1368 766 hostibus.

153 801 184 833 7.
210 800 291 843 Ave,
318 798 402 839 Iesu,
429 807 491 838 quo
515 798 551 831 in
576 807 671 830 cruce
836 800 891 834 11.
919 801 998 838 Ave,
1024 800 1109 840 Iesu,
1136 800 1191 839 qui
1214 799 1342 831 undena

207 848 282 881 Viso
307 846 445 878 mundus
471 849 562 878 sueta
586 847 658 878 luce
917 847 1007 879 Hora
1030 850 1141 886 pastus
1168 855 1200 878 es
1225 847 1259 878 in
1285 855 1363 879 cena

255 894 345 927 Hora
369 896 461 926 sexta
485 894 597 933 caruit,
965 894 1011 926 Et
1036 894 1077 925 de
1102 902 1195 926 cruce
1220 894 1393 934 depositus,

209 942 292 975 Mihi
316 950 444 981 semper
468 942 512 973 sit
534 942 568 973 in
593 942 700 973 mente
917 941 1058 982 Mystica
1081 940 1255 972 refectione

208 990 290 1029 Lux,
315 997 397 1029 quae
418 989 493 1021 lesu
518 990 704 1028 resurgente
918 989 1021 1021 Pasce
1044 998 1095 1021 me
1120 990 1216 1028 atque
1242 988 1365 1028 depone

259 1036 407 1071 Credulis
433 1036 593 1077 apparuit.
968 1037 1083 1077 Iugum
1108 1036 1221 1077 eulpae
1244 1033 1399 1069 funditus,

155 1107 185 1139 8.
211 1106 291 1146 Ave,
317 1104 402 1143 Iesu,
429 1104 483 1144 qui
508 1105 637 1143 potatus
841 1104 896 1137 12.
922 1104 1002 1143 Ave,
1029 1104 1113 1146 Iesu,
1141 1103 1195 1142 qui
1217 1103 1341 1135 locatus

211 1152 303 1186 Felle
326 1151 430 1184 tradis
455 1151 628 1183 inclinatus
923 1152 963 1184 In
987 1152 1135 1192 sepulcro
1161 1159 1194 1182 es
1219 1151 1357 1183 vallatus

260 1200 350 1233 Hora
374 1208 459 1232 nona
485 1199 646 1239 spiritum,
972 1198 1115 1231 Militum
1139 1198 1294 1242 custodia,

213 1249 263 1281 Nc
285 1247 410 1290 peccati
434 1249 547 1287 pastus
572 1247 668 1279 melle
925 1246 970 1279 Et
995 1246 1055 1278 hac
1079 1246 1159 1279 hora
1185 1245 1331 1279 duodena

213 1297 310 1329 Peter
334 1295 418 1328 male
442 1295 556 1328 mortis
580 1293 666 1339 felle,
926 1294 983 1326 Me
1009 1294 1133 1326 custodi
1157 1295 1189 1325 et
1212 1291 1342 1326 refrena

259 1344 311 1377 Da
334 1343 447 1376 salutis
474 1343 605 1377 exitum.
976 1341 1060 1374 Mihi
1085 1341 1299 1374 adversantia.

490 1411 545 1444 13.
572 1410 655 1453 Iesu,
683 1413 770 1443 tuam
796 1412 1001 1443 venerantem

574 1459 719 1499 Crucem,
745 1462 881 1492 mortem
907 1456 1099 1498 cogitantem

624 1505 724 1549 Fove,
750 1516 854 1548 serva,
883 1505 987 1546 dirige

577 1553 724 1599 Lassum,
750 1557 898 1597 stantem,
925 1552 1123 1593 gradientem

577 1602 657 1635 Post
681 1605 724 1647 te,
749 1603 915 1635 consolare
938 1599 1079 1642 flentem,

627 1650 834 1684 Incurvatum
860 1650 956 1691 erige.

226 1735 297 1764 Cod.
323 1735 533 1765 Carolsruhan.
562 1734 688 1772 Augien.
717 1733 763 1764 36.
790 1744 867 1764 saec.
893 1733 969 1762 14l15.
995 1749 1035 1754 —
1053 1731 1081 1767 4,
1102 1729 1121 1760 3
1140 1731 1215 1759 fehlt
1233 1732 1298 1758 eine
1318 1729 1409 1759 Silbe.
1428 1744 1466 1749 —-

154 1772 195 1811 11,
217 1772 235 1802 3
255 1775 325 1803 Lies
348 1778 377 1803 et
397 1783 483 1804 cruce
504 1774 677 1811 depositus?
697 1789 736 1794 —
758 1772 801 1810 ll,
823 1772 841 1801 5
862 1782 909 1801 me
928 1775 959 1800 et
978 1772 1099 1809 clepone.

578 1926 627 1958 49.
661 1925 705 1957 De
723 1922 874 1956 Passione
894 1921 1026 1954 Domini.

192 2043 201 2052 .
226 2018 316 2051 Iesus
342 2018 430 2059 patri
454 2017 640 2061 oboediens,
857 2016 889 2049 3.
915 2013 960 2047 Et
983 2011 1088 2045 factus
1112 2012 1146 2044 in
1175 2010 1300 2052 agonia,

225 2066 297 2099 Suis
323 2065 504 2102 tradendus
531 2065 675 2107 aemulis,
917 2062 995 2096 Cum
1020 2059 1123 2093 tristis
1149 2061 1233 2092 esset
1254 2059 1369 2098 anima,

224 2114 275 2148 De
296 2114 473 2148 Ierusalem
497 2114 607 2147 exiens
916 2110 947 2143 A
973 2118 1009 2142 se
1032 2108 1171 2141 transire
1197 2107 1327 2140 calicem

225 2163 388 2197 Processit
413 2171 484 2195 cum
512 2161 691 2202 discipulis.
918 2157 1031 2192 Oravit
1055 2157 1098 2189 ad
1120 2156 1225 2188 Deum
1250 2156 1386 2195 patrem.

192 2256 199 2264 .
228 2230 372 2272 Cumque
396 2229 539 2264 venisset
563 2229 605 2262 ad
631 2229 755 2261 hortum
858 2227 890 2261 4.
918 2225 943 2259 Ο
967 2226 1049 2266 Iesu,
1075 2223 1129 2266 pie
1153 2222 1299 2261 Domine,
1346 2267 1352 2274 .

228 2279 393 2313 Proditori
418 2286 477 2311 suo
502 2279 623 2318 notum,
923 2273 983 2312 Qui
1007 2281 1066 2313 pro
1091 2270 1245 2304 salvando
1269 2269 1397 2301 homme

227 2328 370 2361 Avulsus
396 2337 417 2360 a
448 2324 617 2366 discipulis
920 2321 1039 2355 Passus
1065 2329 1098 2353 es
1127 2316 1347 2351 crudelissime

229 2376 369 2411 Sudavit
390 2377 498 2418 guttas
525 2372 701 2415 sanguinis.
919 2369 1032 2403 Noctis
1056 2368 1162 2409 quieto
1186 2369 1342 2406 tempore.
