1651 2606
640 46 900 84 *186*-

548 151 610 184 182.
638 152 682 183 De
700 151 729 182 X
750 149 876 182 (laud-iis
897 148 984 180 BMV.

289 234 411 275 Gaude,
437 234 553 273 Maria,
579 240 661 272 quae
683 231 789 263 Iesum
815 230 956 269 concipis
980 229 1014 261 in
1036 231 1079 271 te,

290 282 409 326 Gaude,
435 281 549 320 Maria,
577 281 681 312 1csum
705 278 804 319 paris,
829 277 940 309 inclita
965 277 1065 316 virgo.

290 329 409 369 Gaude,
438 329 512 360 dant
536 331 611 359 nato
636 329 701 358 tres
727 334 819 365 reges
846 325 929 357 dona
953 324 1057 356 beato.

289 376 409 416 Gaude,
436 383 516 416 quae
542 374 630 405 ducis
656 373 698 405 ad
722 373 876 413 templum
900 373 1017 413 gaudia
1040 371 1131 403 lucis.

230 427 262 457 5.
288 423 410 463 Gaude,
435 430 514 463 quae
540 430 664 453 caesum
688 421 800 453 vidisti
823 429 954 460 surgere
978 421 1095 453 Iesum.

288 470 408 511 Gaude,
436 469 538 501 cernis
564 477 633 500 eum
658 469 753 500 caelis
777 466 899 500 inferre
923 471 1099 508 tropaeum.

288 516 408 557 Gaude,
435 525 514 557 quae
539 519 613 549 nato
638 515 771 548 sociaris
797 515 860 548 fine
882 515 988 548 beato.

286 563 409 605 Gaude,
434 573 527 605 quam
551 563 645 596 Jesus
671 562 736 596 fert
757 564 792 595 in
816 572 875 595 sua
897 563 1030 596 brachia
1053 564 1167 596 laetus.

286 610 407 653 Gaude,
435 620 528 652 quam
553 620 660 643 secum
687 611 777 643 duxit
801 611 843 643 ad
868 611 998 643 aethera
1022 611 1121 643 Iesus.

206 661 257 693 10.

287 657 407 698 Gaude,
436 667 527 699 quam
553 661 679 692 sanctos
706 658 860 691 exaltavit
883 666 980 698 super
1002 667 1120 691 01111103.

285 704 408 749 Gaude,
433 711 578 747 patrona,
606 714 699 747 quam
723 706 835 738 laudat
856 707 929 746 ipsa
954 714 1080 739 corona.

286 752 409 795 Gaude,
434 763 527 794 quam
552 762 653 794 prope
677 761 712 785 se
736 755 820 786 locat
847 754 1019 794 exsultans,
1046 762 1129 797 rosa,
1150 753 1191 785 de
1206 757 1248 785 te.

287 799 408 844 Gaude,
435 810 526 841 quam
552 802 638 833 trina
663 802 759 834 vestit
784 801 912 841 deitate,
939 801 1054 833 Maria.

287 846 408 889 Gaude,
436 850 486 880 cui
508 849 593 881 laeta
618 857 672 881 cor
694 849 810 888 pandit
833 849 876 881 ad
901 849 966 881 alta
991 852 1125 881 secreta.

204 898 259 930 15.

286 894 409 935 Gaude,
434 905 528 936 quam
551 896 628 929 bina
653 897 785 929 decorat
808 897 891 929 stola
915 896 1061 936 pulchra,
1086 895 1203 929 Maria.

284 944 338 975 Ad
363 946 418 975 tua
441 952 498 976 nos
522 943 605 975 festa
627 944 804 984 perducito,
831 947 932 976 mater
955 943 1097 987 honesta,

286 991 332 1023 Ut
354 991 458 1023 lesum
484 995 587 1023 tecum
610 992 770 1032 potiamur
793 992 883 1031 virgo
906 1000 965 1032 per
990 1000 1112 1023 aevum.

192 1075 273 1103 Orat.
304 1084 355 1103 ms.
384 1075 435 1103 SS.
462 1075 595 1104 Udalrici
620 1078 650 1103 et
673 1076 762 1104 Afrae
790 1084 865 1103 saec.
894 1073 936 1102 15.
989 1075 1059 1103 Cod.
1087 1075 1249 1112 Augustan.
1277 1083 1300 1102 s.
1327 1083 1357 1100 n.
1384 1089 1420 1093 —

120 1111 164 1141 13.
184 1115 263 1141 trina
281 1114 377 1141 nescit
396 1113 512 1141 deitate.

547 1262 609 1293 183.
641 1262 683 1293 De
702 1261 730 1293 X
752 1261 878 1294 Gaudiis
898 1262 985 1294 BMV.

131 1429 161 1460 1.
190 1428 311 1467 Gaude,
337 1428 425 1469 virgo
450 1431 551 1461 mater
575 1429 647 1468 Dei,

188 1474 438 1507 Firmamentum
463 1484 552 1507 meae
577 1477 655 1516 spei,

188 1523 241 1555 Ad
272 1531 365 1563 quam
391 1526 522 1555 currunt
547 1533 655 1556 01111103
681 1524 738 1565 rei,

189 1569 239 1601 Sis
263 1570 368 1602 incola
392 1571 498 1603 cordis
523 1571 595 1612 mei,

233 1616 276 1649 Et
301 1617 387 1649 vitiis
413 1626 462 1649 me
486 1622 620 1659 purgato

191 1664 429 1704 virtutibusque
453 1665 544 1697 beato

187 1711 387 1743 Reconcilies
408 1720 460 1743 me
483 1717 568 1753 nato,

185 1758 234 1790 Ne
260 1768 309 1790 me
334 1760 445 1798 puniat
468 1769 526 1800 pro
552 1764 692 1802 peccato,

235 1805 281 1839 Et
304 1805 353 1837 bis
378 1811 447 1839 octo
471 1810 698 1847 promissorum

192 1852 307 1886 Confer
331 1863 442 1886 munus
467 1856 677 1894 praemiorum

193 1901 239 1933 Ob
267 1900 392 1933 felicem
415 1903 603 1942 gaudiorum

192 1948 366 1981 Denarium
390 1949 474 1981 hunc
498 1953 632 1984 tuorum.

158 2060 165 2067 .
192 2034 314 2076 Gaude,
339 2036 427 2076 virgo
450 2040 552 2068 mater
577 2036 705 2077 Christi,

190 2083 329 2115 Verbum
355 2083 451 2115 verbo
478 2084 659 2127 concepisti,

191 2130 275 2162 Dum
299 2131 359 2163 1100
383 2131 453 2162 Ave
478 2132 655 2173 suscepisti,

191 2179 283 2217 Quod
306 2187 364 2210 1103
386 2179 482 2211 solvit
503 2188 523 2210 a
544 2179 613 2211 Vae
636 2180 738 2223 ‘tristi3

190 2226 253 2258 Per
277 2226 337 2258 hoc
361 2229 432 2259 Ave
455 2229 520 2258 tam
542 2236 639 2259 suave

190 2273 255 2305 Nos
281 2275 411 2307 absolve
433 2274 544 2307 mortis
569 2285 589 2307 a
611 2275 679 2307 Vae

752 1354 778 1387 Ι.

809 1545 838 1577 3.

867 1430 979 1470 Iugum
1003 1438 1100 1471 grave
1126 1429 1253 1469 tollens,
1278 1429 1349 1461 leve

867 1476 993 1515 Confer,
1030 1481 1156 1508 mutans
1180 1485 1296 1509 nomen
1320 1476 1420 1510 Evae.

868 1543 990 1583 Gaude,
1017 1543 1142 1584 fulgens
1167 1544 1264 1575 stella
1288 1544 1395 1580 maris,

868 1591 954 1630 Quae
977 1594 1012 1622 tu
1037 1592 1142 1623 nescis
1169 1591 1295 1623 thorum
1312 1591 1421 1625 maris,

867 1640 986 1671 Verum
1010 1639 1109 1671 solem
1134 1640 1297 1673 Christum
1322 1639 1422 1680 paris..

867 1686 994 1726 Expers
1018 1690 1093 1729 post
1115 1690 1147 1718 et
1166 1691 1241 1720 ante
1265 1688 1372 1727 paris3

914 1736 964 1766 Ac
988 1743 1046 1774 per
1071 1735 1155 1767 hunc
1180 1735 1397 1767 desideratum

866 1782 1020 1814 Fructum
1045 1791 1155 1815 verum
1182 1791 1220 1815 ex
1243 1786 1278 1814 te
1301 1788 1410 1815 natum

868 1830 1014 1861 Illustres
1038 1839 1090 1862 me
1114 1830 1315 1863 tenebratum

867 1877 1025 1909 Vitiorum
1051 1878 1090 1909 ob
1116 1882 1250 1912 reatum.

836 1969 843 1976 .
871 1943 993 1985 Gaude,
1020 1953 1110 1985 quae,
1138 1954 1231 1985 quem
1255 1948 1422 1987 peperisti.

871 1991 991 2023 Natum
1025 2001 1179 2032 quaerens
1205 1995 1301 2027 corde
1326 1997 1422 2035 tristi,

868 2039 965 2078 Quem
989 2040 1120 2072 nimium
1146 2041 1298 2083 dilexisti,

868 2086 962 2118 Hunc
985 2087 1019 2119 in
1045 2089 1163 2129 templo
1186 2093 1377 2134 repperisti;

916 2134 969 2166 Sic
992 2135 1121 2169 invento
1145 2141 1199 2170 tuo
1224 2143 1299 2172 nato

870 2181 1058 2222 Compatere
1081 2184 1235 2219 tribulato

866 2229 949 2262 Mihi
974 2239 1089 2273 meque
1115 2235 1275 2270 consolato

867 2277 939 2311 Non
965 2288 1079 2319 arguas
1107 2281 1147 2314 de
1170 2287 1314 2322 peccato,
