1653 2608
742 79 1001 117 —156—

230 183 260 215 3,
287 179 351 213 Sed
377 189 543 222 resurgens
567 182 616 215 leo
642 180 734 213 fortis
907 181 939 213 4.
966 180 1064 212 Placa
1088 180 1190 221 nobis,
1217 189 1235 211 0
1263 179 1356 213 beata

288 228 405 260 Aufert
429 230 641 271 principatum
665 229 785 268 mortis,
966 227 1097 268 Parens,
1126 231 1246 269 natum,
1273 231 1408 268 patrem,
1435 231 1520 267 nata,

336 277 489 310 Praedam
516 276 617 309 refert
639 275 752 317 inferi3
1012 273 1123 306 Carnis
1147 285 1207 315 pro
1231 274 1354 316 flagitio

288 323 363 356 Plus
390 333 553 365 compassa
576 323 710 364 patienti
964 321 1014 353 Ne
1039 330 1128 354 mens
1153 323 1224 363 ipsa
1248 321 1437 367 flagelletur,

288 370 363 403 Plus
390 372 553 412 consurgis
579 370 755 410 resurgenti
964 369 1029 402 Sed
1054 370 1087 401 in
1113 370 1204 402 nobis
1229 370 1366 403 iteretur

336 419 432 457 Quam
459 421 637 450 sanctorum
663 418 771 451 ceteri.
1016 416 1133 449 Christi
1157 419 1359 453 resurrectio.

292 492 362 520 Ocu.
385 493 503 521 Trecen.
522 493 571 520 «01,
593 490 815 527 Claraevallen.)
836 489 918 520 1612.
939 501 1016 521 saec.
1038 490 1082 520 15.

618 640 680 673 160.
710 642 755 673 De
776 641 990 682 compassione
1010 642 1096 674 BMV.

427 741 507 779 Ave,
533 741 642 781 regina
666 741 848 781 angelorum
874 743 906 772 et
929 742 1201 782 archangelorum,

428 788 513 819 Laus
539 791 571 819 et
594 788 696 829 gloria
719 792 900 821 sanctorum

428 834 472 867 Et
495 836 590 867 totius
615 836 768 868 trinitatis
793 835 899 868 nobile
924 837 1117 877 triclinium,

427 883 476 915 Tu
502 879 683 927 [inno]cens
707 884 780 923 plus
805 892 897 924 quam
923 884 1122 916 innocentem
1147 885 1295 926 genuisti,

428 929 476 961 Tu
500 932 616 963 munda
641 931 791 963 mundum
817 931 935 963 mundo
963 932 1135 972 protulisti.

429 978 567 1016 Propter
590 979 702 1018 plagas
726 979 799 1011 Iesu
825 977 955 1019 Christi,

430 1024 512 1063 Quas
538 1029 683 1057 cruentas
708 1024 786 1058 fiens
812 1025 923 1058 vidisti

428 1072 489 1103 Pro
513 1075 623 1105 nostra
647 1073 784 1116 miseria,

427 1118 494 1150 Fac
517 1128 574 1151 nos
602 1121 712 1160 dignos
737 1123 770 1152 te
794 1120 904 1153 videre

427 1166 472 1198 Et
494 1166 527 1198 in
552 1168 647 1199 caelis
672 1170 777 1199 tecum
801 1168 941 1209 gaudere

425 1215 462 1246 In
488 1215 620 1252 perenni
645 1216 840 1247 saeculorum
863 1218 1015 1256 tempore.

292 1287 360 1315 Cod.
372 1288 496 1316 Parisin.
511 1286 544 1315 11
554 1287 618 1317 343.
633 1297 708 1317 saec.
726 1288 771 1317 15.
791 1305 829 1309 —
851 1290 955 1326 „Hanc
970 1293 1132 1320 orationem
1147 1294 1312 1322 dicentibus
1326 1296 1515 1323 remittuntur

212 1325 242 1352 xl
261 1325 301 1352 dir
319 1335 321 1351 =
342 1326 377 1353 de
397 1328 530 1353 iniuncta
549 1326 753 1362 paenitentia.“

623 1475 676 1507 161.
706 1476 750 1507 De
772 1477 986 1518 compassione
1004 1479 1091 1511 BMV.

843 1565 872 1600 Ι.

226 1640 256 1671 1.
282 1639 349 1671 Iam
374 1649 458 1671 nunc
480 1641 572 1672 matri
598 1642 723 1683 virgini,
902 1647 932 1678 3.
960 1646 984 1679 O
1010 1655 1080 1678 mea
1104 1646 1222 1680 fiducia

329 1687 442 1727 anima,
467 1687 608 1730 intende,
1005 1703 1136 1735 meaque
1160 1700 1307 1738 patrona,

285 1733 438 1772 Quantum
463 1734 534 1775 ipsa
560 1736 666 1768 doleat
959 1741 1066 1774 Omnis
1091 1743 1266 1783 pudicitiae

331 1781 390 1812 sub
418 1790 519 1822 cruce,
545 1784 718 1827 perpende,
1006 1790 1140 1822 rutilans
1166 1800 1293 1830 corona,

283 1828 328 1860 Ut
351 1830 383 1860 te
407 1838 512 1861 secum
537 1831 691 1872 vulneret,
956 1836 1036 1869 Esto
1061 1846 1213 1877 praesens
1238 1840 1365 1880 spiritu,

327 1885 439 1916 preces
462 1885 535 1908 mox
558 1878 717 1920 impende,
1002 1893 1154 1925 praesens
1178 1896 1241 1919 non
1267 1896 1417 1928 persona,

284 1923 329 1955 Et
353 1924 436 1963 quod
461 1923 510 1955 illi
535 1927 693 1967 condoleS,
956 1931 1001 1963 Et
1026 1933 1109 1971 quod
1134 1934 1206 1973 ipsa
1231 1935 1356 1978 edoces,

328 1971 468 2002 lacrimis
494 1973 635 2006 ostende.
1004 1980 1125 2021 loquar,
1150 1985 1253 2013 mater
1278 1982 1371 2018 bona.

224 2031 254 2061 2.
282 2028 307 2060 Ο
333 2031 483 2068 quantum
509 2037 551 2071 es,
577 2031 732 2072 genetrix,
898 2036 929 2067 4.
957 2036 1101 2077 Loquere
1125 2048 1219 2082 nunc,
1247 2040 1376 2074 domina

326 2076 410 2107 intus
437 2076 575 2108 cruciata
1002 2093 1098 2123 super
1122 2095 1230 2119 omnes
1256 2088 1362 2130 digna,

282 2123 329 2156 Ob
354 2125 511 2155 tormenta
534 2123 602 2165 filii,
956 2131 1055 2163 Reum
1081 2142 1121 2164 ne
1147 2134 1313 2180 despicias,

327 2174 393 2202 tam
416 2171 644 2211 multiplicata!
1003 2188 1127 2223 precor,
1152 2191 1170 2214 0
1195 2183 1343 2227 benigna,

279 2219 303 2251 Ο
330 2219 418 2259 virgo
444 2218 634 2261 christifera,
955 2226 1036 2259 Mihi
1062 2231 1117 2261 tua
1140 2231 1274 2263 vulnera

325 2275 396 2298 mea
420 2268 585 2309 advocata,
1003 2276 1126 2308 concite
1150 2278 1282 2319 designa

280 2314 361 2346 Mihi
385 2315 470 2347 nude
494 2315 614 2356 aliquid
955 2323 1005 2354 Ac
1028 2325 1137 2357 tantae
1161 2327 1314 2359 materiae

325 2363 430 2404 pande
455 2366 594 2398 exorata.
1001 2371 1098 2404 verba
1125 2374 1166 2405 da
1193 2375 1357 2415 condigna.
