1651 2606
667 71 924 107 -172—

162 175 193 208 3.
222 174 366 208 Secundo
390 172 493 207 luctus
518 173 627 214 oritur,

267 223 391 262 quando
416 220 550 263 rediisti,

215 269 332 302 Natum
356 270 390 301 in
414 267 583 300 Ierusalem

263 317 387 357 quando
410 313 591 356 perdidisti.

157 384 190 417 4.
215 383 298 416 Dum
323 383 406 414 hunc
431 384 556 422 captum
580 378 738 419 prospicis

261 434 368 462 ternus
395 429 484 460 dolor
510 426 633 465 crescit,

213 477 294 509 Dum
319 478 461 507 materna
486 474 601 506 caritas

257 523 425 556 subvenire
447 521 559 554 nescit.

155 593 185 623 5.
210 591 324 630 Quarto
349 591 402 620 tuo
427 588 530 619 animo

256 636 349 669 valde
373 635 534 678 sauciaris,

209 683 303 716 Hunc
326 683 517 723 pendentem
540 682 671 722 publice

258 732 329 763 dum
360 739 454 762 cruce
477 730 663 770 specularis.

837 169 867 200 6.
896 168 1012 207 Quinta
1036 167 1073 199 fit
1094 166 1264 209 maestitia,

944 215 1018 247 dum
1042 215 1113 255 ipse
1139 212 1308 246 defunctus

894 262 995 294 Gruce
1019 262 1081 294 tuis
1105 261 1246 294 brachiis

939 313 1032 342 natus
1062 312 1112 340 est
1137 309 1334 341 coniunctus

833 377 865 410 7.
891 377 955 409 Per
976 376 1034 409 has
1059 376 1198 417 quinque
1222 375 1373 408 tristitias

938 424 1032 457 ablue
1054 432 1232 456 maerorem

890 473 998 513 Atque
1020 481 1077 504 nos
1103 472 1145 504 ad
1172 471 1324 503 caelicum

938 520 1080 553 transfer
1103 528 1188 552 nunc
1212 527 1363 552 amorem.

833 588 865 620 8.
890 586 936 619 Et
959 587 1034 626 quia
1057 589 1173 618 statum
1199 585 1311 618 mundi

934 635 1092 667 nescimus
1117 634 1292 676 meliorem,

892 682 971 714 Post
994 682 1077 714 hanc
1100 683 1199 715 vitam
1223 683 1345 714 animas

940 730 981 762 ad
1003 739 1159 762 summum
1186 730 1248 761 duc
1272 731 1436 762 honorem.

217 805 296 833 Orat,
327 813 379 832 ms.
410 812 485 832 saec.
515 802 559 832 15.
605 804 674 832 Cod.
700 804 795 833 Palat.
821 804 1024 832 Vindobonen.
1051 802 1135 832 4659.
1161 805 1197 832 A.
1224 819 1259 823 —
1287 803 1367 832 Orat.
1394 812 1449 831 ms.

139 845 208 871 anni
221 840 301 871 1508.
321 843 375 870 Hs.
387 841 437 870 der
449 843 479 870 k.
491 852 519 870 u.
530 842 560 869 k.
571 839 1263 877 Familien-Fidei-Kommiss-Bibliothek.⁴7955.
1274 844 1307 871 B.
1315 857 1353 861 —
1368 843 1448 871 Orat.

139 891 191 909 ms.
217 889 288 909 saec.
318 879 363 908 15.
404 880 473 908 Cod.
491 880 654 909 Londinen.
674 881 759 909 Harl.
787 878 871 909 2894.
896 881 927 909 Ο.
954 894 990 900 -—
1013 879 1171 914 Orat.='ms.
1193 889 1268 908 saec.
1291 878 1336 909 15.
1378 880 1448 909 Cod.

139 919 305 955 Sangallen.
333 916 397 946 517.
417 919 453 945 D.
479 932 519 937 —
546 916 574 952 1,
598 917 612 946 1
632 919 730 947 Maria
753 919 862 954 dulcis,
889 919 982 947 dulcis
1011 920 1081 947 audi
1105 928 1153 947 me
1171 920 1210 953 Α,
1236 920 1334 947 Maria
1354 919 1448 947 dulcis

138 959 302 985 misericors
327 958 448 984 miseros
467 955 553 984 BOD.
578 971 617 976 —
642 954 671 991 1,
695 956 713 984 2
732 958 871 985 miserum
890 956 1058 994 loquentem
1077 957 1112 984 A.
1133 972 1170 976 ——
1192 955 1207 984 1
1221 977 1228 991 ,
1249 955 1267 984 3
1288 957 1354 985 Has
1374 956 1449 985 fehlt

138 995 226 1024 ACD.
247 1010 283 1014 —
303 992 329 1029 1,
342 993 362 1022 4
379 995 548 1023 referentem
568 995 603 1022 A.
624 1010 660 1015 ——
681 993 707 1030 2,
721 994 740 1022 2
760 996 867 1031 templo
881 994 916 1022 A.
929 1009 969 1015 -ψ
990 993 1016 1029 2,
1031 993 1050 1023 3
1068 996 1257 1032 prophetavit
1267 996 1307 1024 D.
1326 1010 1365 1014 —
1389 995 1414 1030 1,
1428 994 1449 1023 4

138 1041 208 1060 ense
233 1036 261 1061 te
289 1032 460 1060 vulnerante
480 1034 512 1060 B.
538 1046 574 1051 —
602 1031 629 1067 4,
653 1030 667 1060 1
688 1033 762 1061 fehlt
780 1033 823 1069 D3
844 1033 923 1060 Dum
941 1035 1040 1070 ipsum
1059 1032 1122 1068 ΒΟ,
1142 1034 1245 1070 Ipsum
1264 1034 1334 1061 dum
1352 1034 1388 1061 A.
1409 1048 1447 1054 —

137 1069 163 1104 4,
186 1068 204 1097 2
224 1073 310 1099 tertio
330 1070 413 1098 dolor
431 1071 469 1097 D.
490 1084 528 1089 -
546 1069 573 1104 4,
594 1068 612 1098 3
633 1070 705 1098 Cum
723 1071 757 1099 B.
777 1086 816 1090 —
835 1069 861 1104 5,
882 1069 902 1099 4
921 1071 989 1099 dum
1009 1072 1084 1099 fehlt
1102 1072 1144 1106 D;
1166 1080 1251 1099 cruce
1270 1072 1339 1099 dum
1360 1070 1393 1099 Β.
1408 1086 1446 1091 —

140 1107 166 1142 6,
187 1106 203 1135 1
227 1110 335 1143 Quinto
355 1109 411 1135 fuit
428 1108 466 1135 D.
487 1121 523 1127 -
545 1106 570 1141 6,
588 1106 603 1136 ἓ
625 1109 672 1137 De
692 1117 777 1137 cruce
789 1110 823 1137 B.
838 1125 875 1130 -
888 1108 946 1136 Str.
961 1107 977 1135 7
998 1110 1058 1137 und
1078 1107 1096 1136 8
1115 1109 1214 1137 fehlen
1226 1109 1263 1136 A.
1275 1125 1315 1130 —-
1327 1109 1354 1144 7,
1368 1107 1386 1137 3
1400 1118 1443 1145 sq.

140 1146 237 1174 fehlen
255 1148 288 1175 B.
330 1160 348 1164 —
368 1145 452 1174 Nach
471 1144 498 1180 8,
518 1144 538 1172 4
556 1147 657 1183 fiigtD
678 1147 755 1175 noch
773 1148 836 1175 bei:
856 1147 961 1182 Maria,
982 1149 1066 1184 virgo
1086 1149 1242 1184 virginum,
1265 1148 1445 1176 consolatrix

137 1186 316 1212 miserorum.

552 1324 613 1355 166.
644 1324 687 1355 De
705 1325 731 1356 V
754 1323 917 1357 Doloribus
934 1325 1023 1357 BMV.

150 1402 180 1435 1.
207 1402 399 1444 Recordare,
425 1412 442 1434 o
464 1404 578 1444 Maria,

209 1449 275 1488 Quo
302 1450 411 1482 dolore
435 1452 490 1482 tua
514 1451 568 1491 pia

256 1495 390 1529 Perfusa
413 1501 487 1529 sunt
510 1499 631 1539 intima,

209 1543 290 1575 Dum
315 1547 466 1577 narrante
490 1545 636 1578 Simeone

210 1591 439 1632 Transfigenda
469 1601 536 1624 cum
562 1602 712 1626 mucrone

255 1639 324 1670 Tua
348 1638 451 1671 fertur
474 1641 586 1673 anima.

151 1706 183 1737 2.
208 1704 400 1747 Recordare,
425 1706 514 1747 virgo
540 1708 688 1751 clemenS,

209 1751 310 1783 Tuum
328 1756 436 1785 natum
452 1757 599 1794 quantum
619 1764 757 1801 gemens,

255 1800 350 1839 Quem
376 1802 548 1840 quaerebas
573 1805 678 1836 triduo

209 1845 315 1888 Flens,
343 1847 416 1879 dum
439 1848 527 1881 illum
551 1851 732 1896 perdidisti,

210 1894 268 1933 Qui
293 1896 341 1926 est
364 1896 459 1936 salus,
485 1898 634 1931 invenisti

261 1941 338 1974 Cum
365 1943 461 1974 corde
483 1944 620 1978 assiduo.

151 2010 182 2042 3.
208 2008 401 2052 Recordare,
427 2011 510 2049 quod
535 2012 696 2046 turbatum

209 2055 272 2087 Est
296 2064 351 2087 cor
374 2059 470 2096 tuum,
500 2059 573 2090 dum
598 2063 735 2093 artat-um

259 2103 477 2144 Cognoscebas
500 2105 611 2148 filium,

209 2150 274 2189 Quo
302 2152 428 2184 detento
453 2152 623 2195 fiberabar,

211 2198 270 2237 Qui
293 2200 325 2231 in
353 2200 453 2241 culpis
480 2201 664 2242 captivabat

256 2248 421 2280 Praesenti
445 2248 476 2280 in
504 2249 624 2285 exsilio.

829 1408 862 1438 4.
888 1406 1082 1448 Recordare,
1109 1410 1260 1447 quantum
1285 1406 1395 1447 flebas,

886 1453 969 1485 Dum
1003 1454 1036 1486 in
1063 1464 1157 1487 cruce
1180 1456 1265 1488 hunc
1291 1457 1443 1489 cernebas

934 1500 1076 1534 Moriens
1103 1502 1250 1545 deficere,

887 1548 967 1587 Quia
992 1550 1113 1582 ventris
1137 1552 1184 1583 tui
1209 1550 1332 1584 fructus

889 1595 942 1628 Sic
966 1606 1080 1630 sanare
1102 1602 1229 1631 nostros
1254 1600 1358 1632 luctus

936 1645 1054 1678 Volens
1079 1655 1118 1677 ac
1142 1647 1280 1681 deicere.

852 1736 861 1745 .
885 1711 1078 1754 Recordare,
1106 1723 1124 1745 o
1149 1716 1326 1754 praeclara,

887 1758 987 1797 Quam
1010 1761 1174 1801 immensa,
1201 1772 1294 1802 quam
1321 1773 1430 1797 amara

934 1808 1004 1840 Tua
1029 1807 1090 1841 fuit
1115 1811 1271 1851 anxietas,

886 1853 970 1886 Dum
993 1855 1025 1886 in
1054 1865 1148 1888 cruce
1173 1860 1223 1889 est
1246 1859 1370 1892 levatus

887 1901 932 1933 Et
954 1903 988 1935 in
1012 1906 1083 1936 tuas
1106 1905 1198 1937 ulnas
1226 1906 1329 1948 dam,

934 1950 992 1990 Qui
1019 1955 1068 1983 est
1091 1961 1168 1984 vera
1192 1953 1306 1994 pietas.

855 2043 862 2050 ,
887 2015 1073 2050 Recordare
1098 2020 1236 2061 quinque
1260 2022 1372 2055 horum

887 2063 1129 2099 Tormentorum
1154 2078 1193 2100 ac
1218 2069 1362 2103 dolorum

933 2113 1073 2146 Perenni
1097 2117 1258 2161 memoria,

886 2158 933 2191 Ut
956 2169 1073 2202 omnes,
1111 2164 1165 2203 qui
1190 2168 1223 2197 te
1245 2166 1442 2208 invocamus,

890 2207 951 2239 Per
975 2210 1011 2239 te
1032 2210 1103 2243 sisti
1127 2213 1290 2246 valeamus

934 2255 972 2288 In
996 2258 1127 2291 caelesti
1151 2261 1264 2301 gloria.

213 2322 293 2350 Orat.
327 2333 381 2352 ms.
410 2325 544 2354 Car-thus.
574 2326 805 2358 Hildesheimen.
837 2340 913 2359 saee-
947 2332 992 2362 15.
1043 2335 1113 2364 0011.
1139 2336 1293 2372 Iosephini
1323 2339 1442 2371 Hildes-

137 2361 253 2389 heimen
272 2359 337 2398 3(6).
