1653 2608
693 92 945 131 2-181—

197 187 229 223 8.
258 189 404 223 Christus
429 191 499 233 tibi,
526 201 597 224 cum
622 193 770 232 surrexit,
942 192 1038 228 Unde
1063 202 1132 225 oum
1158 192 1275 226 abhinc
1299 192 1431 234 recedit,

256 238 394 270 Deitatis
420 242 496 272 tunc
522 240 652 283 detexit,
941 241 992 274 Da
1017 241 1137 282 videre,
1164 242 1248 282 quod
1270 241 1334 274 iam
1356 241 1469 282 credit,

301 286 361 318 Pia
388 287 488 328 virgo,
513 288 647 328 gloriam
988 290 1027 322 In
1051 290 1182 322 caelesti
1207 289 1356 321 culmine.

254 332 299 365 Et
319 336 352 366 ’ῑθ
368 338 522 390 ὃὸὓθῖῗῑΰὶ,
550 345 644 389 (luem
664 336 785 379 dflffl‘st,
859 345 914 378 11.
943 346 1064 387 Gaude,
1090 349 1201 387 mater,
1230 346 1305 389 quia
1330 346 1457 378 scandis

253 381 283 412 A
309 381 420 414 d01⁰re
443 392 490 415 310
515 387 634 437 θΓθΧῙῑ,
939 394 984 426 Et
1010 396 1058 426 est
1082 394 1141 426 tibi
1165 395 1267 427 honor
1291 393 1422 435 grandis

302 428 386 462 Suae
411 432 524 463 mortis
551 431 721 463 dommam.
987 443 1026 475 In
1050 443 1129 474 caefi
1154 442 1284 484 Palatio,

198 485 230 518 9.
259 485 381 530 Gaude,
407 491 521 527 mater,
551 489 744 520 ascendente
940 489 1005 523 Ubi
1030 488 1153 521 fructus
1176 489 1296 522 ventris
1321 488 1368 521 tui

254 533 380 567 Christo
407 536 539 576 caelum,
565 538 598 567 te
622 536 751 568 vidente
938 537 1001 569 Per
1025 539 1058 568 te
1082 537 1173 569 nobis
1201 537 1294 569 detur
1318 535 1381 568 frui

298 582 393 615 Motu
417 582 520 615 fertur
543 583 693 624 propri03
983 586 1022 617 In
1046 586 1179 624 perenni
1203 585 1328 625 gaudio,

253 629 327 671 ΟΠ),
353 630 414 662 fibi
437 630 650 672 supplissanoea
857 640 913 675 12.
939 641 1060 684 Gaude,
1089 643 1172 683 quia,
1198 645 1234 673 ut
1259 652 1279 674 a
1303 642 1370 674 sole

253 678 329 717 Ipso
354 681 472 710 memet
496 678 657 711 adnuente
938 690 1015 722 Dies
1040 688 1086 730 fit,
1113 699 1132 722 a
1154 693 1208 722 tua
1232 690 1323 730 prole

300 725 458 758 TraHSfeI'
484 728 524 759 de
548 727 669 759 OXSiliO.
984 738 1029 770 Et,
1053 740 1108 769 tua
1132 738 1315 778 praesentia

170 783 225 815 10.
252 783 320 815 Iam
345 792 395 816 me
419 784 530 816 taedet
554 787 586 815 et
609 793 661 816 me
684 784 784 816 laedit
937 785 1104 818 Illustrata
1128 785 1330 827 iucundatur,

253 831 358 871 Vitae,
386 832 460 871 quia
483 840 547 864 non
572 832 703 865 oboedit
938 833 1116 865 Iucundata
1140 833 1318 873 gratulatur

301 879 382 911 Caro
408 880 481 912 vilis
507 879 641 921 animae,
986 881 1068 912 Tota
1093 881 1174 912 caeli
1199 881 1296 913 curia.

234 952 323 982 Scala
341 953 417 982 caeli
438 962 514 982 saec.
536 952 580 981 14.
602 963 647 982 ex.
687 953 755 981 Cod.
776 955 902 991 Pragen.
922 955 998 982 XIII
1017 953 1044 981 Ε
1065 951 1091 981 3.

581 1076 639 1106 177.
672 1074 715 1106 De
735 1075 791 1107 VH
812 1074 939 1108 Gaudiis
962 1074 1047 1106 BllIV.

169 1157 199 1189 1.
228 1155 350 1196 Gaude,
376 1155 466 1195 virgo
493 1163 657 1198 generosa,
852 1157 884 1188 4.
913 1155 1035 1195 Gaude,
1061 1156 1162 1198 virgo,
1185 1157 1289 1187 mater
1314 1154 1445 1194 Christi,

226 1204 323 1236 Cuius
348 1202 416 1234 vita
440 1203 579 1244 gloriosa
912 1204 1009 1243 Quem
1035 1203 1172 1235 adorare
1196 1203 1306 1235 vidisti

274 1250 397 1283 Mundo
425 1250 549 1283 confert
573 1251 733 1291 gaudium,
959 1251 1062 1292 Reges
1087 1259 1157 1282 cum
1183 1251 1378 1289 muneribus,

911 1298 1054 1339 Dignata
1076 1307 1135 1330 nos
1158 1301 1192 1330 te
1215 1299 1349 1331 laudare

915 1345 978 1386 Sic,
1003 1349 1040 1378 ut
1064 1347 1222 1385 possimus
1248 1354 1382 1387 regnare

961 1393 1093 1426 Sursum
1117 1395 1150 1426 in
1178 1394 1376 1426 caelestibus.

228 1327 651 1336 ........

228 1372 654 1384 ........

288 1420 654 1429 .......

165 1454 197 1485 2.
224 1451 348 1492 Gaude,
374 1451 476 1493 virgo,
501 1451 563 1483 Dei
586 1453 690 1491 porta,
854 1452 885 1483 5.
914 1450 1037 1493 Gaude,
1061 1453 1164 1483 mater
1186 1452 1299 1483 summi
1323 1451 1417 1491 regis,

226 1499 274 1531 Te
295 1499 465 1531 laudantes
489 1507 547 1531 nos
575 1498 720 1531 conforta
912 1499 951 1531 In
977 1499 1137 1538 sequendo
1164 1498 1298 1531 formam
1322 1499 1402 1539 legis

274 1547 411 1579 Perenni
436 1546 589 1586 subsidio,
960 1547 1078 1580 Filium
1104 1555 1174 1579 cum
1201 1546 1312 1578 hostiis

227 1595 326 1634 Quem
346 1594 420 1627 dum
437 1595 472 1626 in
488 1596 601 1627 ventre
618 1593 781 1638 portabas,
912 1594 1132 1627 Praesentasti
1155 1594 1221 1628 fide
1245 1595 1350 1638 plena,

226 1642 397 1675 Elisabeth
421 1642 626 1675 ministrabas
911 1642 1009 1684 Virgo
1038 1643 1153 1676 decens
1180 1645 1212 1675 et
1238 1651 1380 1683 amoena,

271 1690 401 1724 Amoris
427 1690 589 1731 obsequio.
960 1691 1067 1731 Purga
1090 1700 1148 1723 nos
1173 1701 1193 1724 a
1217 1691 1313 1724 vitiis.

163 1751 196 1783 3.
222 1748 345 1792 Gaude,
374 1748 463 1789 virgo
490 1748 671 1788 singularis,
852 1749 885 1781 6.
911 1747 1034 1789 Gaude,
1061 1752 1173 1790 mater,
1200 1757 1280 1789 quae
1304 1748 1371 1781 filio

221 1796 329 1829 Decus
354 1796 454 1839 orbis,
478 1797 535 1829 lux
559 1796 686 1837 solariS,
910 1796 1110 1839 Resurgente
1134 1806 1205 1829 cum
1230 1798 1346 1837 gaudio

270 1844 378 1886 Digna
403 1844 567 1877 Christum
593 1851 721 1884 parere,
958 1845 1060 1877 Felici
1085 1845 1206 1877 laetitia

222 1892 272 1925 Sis
298 1902 357 1934 pro
384 1893 478 1925 nobis
505 1892 673 1933 advocata,
911 1892 1030 1926 Gavisa
1055 1901 1088 1925 es
1113 1903 1193 1933 prae
1218 1893 1343 1933 ceteris,

221 1941 289 1973 Tuo
314 1943 390 1975 nato
415 1941 505 1982 virgo
530 1943 632 1982 grata,
910 1940 1060 1981 Subveni,
1092 1950 1219 1984 quaes0,
1245 1941 1370 1973 miseris

269 1989 332 2022 Die
356 1989 468 2021 mortis
493 1989 640 2022 miserae.
957 1989 1115 2022 Donando
1142 1991 1226 2023 vitae
1251 1988 1402 2031 praemia.

504 2049 536 2081 7.
564 2046 685 2090 Gaude,
714 2050 817 2079 mater
841 2047 1035 2080 ascendente

562 2096 636 2128 Iesu
663 2094 789 2128 Christo
814 2098 847 2127 te
870 2099 1041 2135 praesente

614 2143 692 2177 Cum
720 2143 841 2184 ingenti
866 2143 977 2185 iubilo,

565 2191 612 2223 Te
634 2200 812 2233 precamur,
839 2200 897 2224 nos
924 2191 1053 2233 dirigas,

563 2239 753 2279 Mentesque
777 2243 903 2273 nostras
931 2240 1034 2281 erigas

611 2288 650 2321 In
675 2296 774 2321 aevae
799 2288 885 2321 vitae
909 2289 1049 2328 speculo.

221 2366 301 2394 Orat.
328 2373 383 2394 ms.
408 2364 522 2392 Domus
549 2364 652 2392 Novae
678 2365 767 2392 Lucis
794 2366 865 2393 anni
894 2362 976 2392 1477.
1025 2362 1094 2391 Coti.
1121 2363 1308 2391 Ultraieetin.
1341 2364 1460 2400 Scriptt.

143 2404 225 2432 Eecl.
246 2402 312 2433 375.
332 2419 371 2425 —
390 2402 418 2441 4,
442 2402 457 2431 1
478 2405 571 2432 mater
594 2403 661 2431 Dei.
