1651 2606
223 177 279 211 48.
304 177 361 209 Me
384 177 473 218 loqui
498 177 540 210 ad
564 176 664 210 filium

354 234 444 257 amor
468 225 691 269 compellebat,

304 275 354 305 Ac
379 272 585 306 affectuosum
611 282 666 306 cor

353 329 515 353 sermones
541 321 667 362 edebat,

305 367 381 407 Sed,
407 369 481 411 heu,
509 368 601 401 dolor
625 369 739 401 nimius

354 425 408 448 eos
434 416 648 457 dirumpebat,

305 464 396 503 Quod
420 465 520 497 verba
545 465 671 496 edicere

356 511 465 553 lingua
488 522 552 545 non
577 511 715 544 valebat.

223 588 278 621 49.
304 588 456 621 Sensibus
480 588 703 629 languentibus

351 637 416 669 iam
443 635 629 668 deficiebam

304 684 349 717 Et
374 682 547 716 confractis
570 683 694 716 viribus

353 732 464 764 dolens
491 731 689 774 corruebam,

305 779 369 812 Sed
394 782 558 819 resumpto
583 778 700 820 spiritu

354 836 440 868 voce,
468 836 530 868 qua
554 826 711 866 valebam,

304 876 344 909 In
368 875 470 908 verba
488 875 671 908 huiusmodi

352 924 463 956 statim
488 923 753 963 prorumpebam:

221 999 276 1033 50.
301 998 379 1040 Vae,
404 1007 463 1032 vae
485 998 572 1043 mihi,
598 998 647 1031 fili
671 998 724 1038 mi,

349 1055 418 1089 vae,
442 1055 510 1090 vae,
539 1054 612 1078 care
637 1049 720 1090 nate,

301 1094 398 1133 Ecce,
425 1094 604 1127 diviserunt
627 1102 677 1125 me

349 1142 384 1174 hi
408 1142 555 1183 perversi
576 1151 596 1173 a
620 1145 662 1182 te,

304 1190 434 1223 Adiuva
459 1199 521 1232 me,
549 1189 692 1232 obsecro,

350 1239 384 1270 in
409 1238 580 1279 anxietate,

303 1287 392 1318 Audi
413 1294 526 1326 preces
551 1286 687 1318 miserae

352 1334 464 1365 matris
490 1334 661 1366 desolatae.

220 1410 275 1443 51.
302 1411 365 1442 Per
389 1412 431 1452 te,
458 1408 514 1451 fili,
542 1409 638 1442 habui

349 1458 454 1490 omnia
478 1457 628 1501 secunda,

302 1507 341 1539 ln
365 1509 408 1547 te,
435 1507 519 1549 Iesu,
546 1505 655 1538 exstiti

348 1554 467 1595 iugiter
490 1553 640 1595 iucunda,

302 1603 384 1645 Heu,
410 1611 494 1634 nunc
516 1601 550 1634 in
574 1601 708 1635 tristitia

349 1659 408 1690 pro
432 1653 465 1682 te
488 1658 556 1682 sum
581 1648 753 1690 profunda,

302 1699 372 1739 Qua
394 1699 429 1730 te
453 1697 501 1730 sic
524 1697 689 1730 excruciat

350 1745 446 1778 turba
471 1746 550 1779 haec
577 1745 751 1778 immunda.

220 1825 275 1857 52.
301 1825 421 1857 Tecum
446 1821 499 1856 fac
522 1822 614 1855 obire
638 1831 689 1854 me

348 1881 408 1912 per
430 1872 527 1904 istum
551 1879 694 1914 agonem,

303 1921 390 1961 Quae
414 1923 447 1952 te
471 1920 577 1960 ipsum
602 1919 668 1954 alui

349 1969 391 2001 ad
415 1968 499 2003 hanc
522 1967 721 2010 passionem3

301 2017 399 2057 Ergo,
424 2017 497 2057 heu,
522 2016 641 2049 lactavi
665 2019 699 2049 te

351 2065 393 2097 ad
418 2064 621 2105 occisionem,

303 2113 370 2146 Fac
394 2122 456 2155 me,
483 2121 608 2155 precor,
637 2113 786 2145 commori

348 2170 409 2202 per
434 2161 694 2202 compassionem.

217 2242 273 2275 53.
299 2240 337 2273 In
363 2241 397 2271 te
421 2238 640 2280 impassibilis,

348 2287 396 2320 fili
420 2288 475 2328 mi,
503 2286 601 2331 fuisti,

299 2337 418 2370 Totum
442 2336 514 2377 hoc,
541 2335 627 2375 quod
653 2336 787 2379 pateris,

351 2385 392 2417 de
413 2394 468 2419 me
492 2384 705 2425 assumpsisti,

261 2445 380 2475 Blume,
395 2445 440 2469 Pia
453 2444 599 2469 Dictamina.
620 2444 663 2470 Iv.

836 77 898 114 161
954 101 998 105 —

990 177 1077 219 Ergo
1103 175 1164 219 fac,
1190 178 1226 208 ut
1249 175 1369 209 moriar

1036 228 1141 258 tecum
1165 224 1264 257 caede
1287 223 1386 267 tristi,

992 273 1073 313 Quia
1097 276 1128 305 te
1154 271 1286 312 exposui

1040 321 1130 354 dirae
1152 321 1246 353 morti
1273 319 1338 352 isti.

909 398 964 432 54.
992 398 1028 438 Ο,
1055 398 1125 439 quis
1152 398 1215 436 det,
1242 398 1276 428 ut
1296 395 1426 429 subeam

1037 454 1096 487 pro
1121 448 1163 483 te,
1190 443 1245 486 fili,
1271 446 1415 484 mortem,

992 493 1087 528 Cuius
1115 494 1155 526 de
1179 501 1229 525 me
1252 493 1369 525 misera

1038 544 1074 573 tu
1098 540 1262 581 sumpsisti
1285 539 1427 572 sortem?

991 588 1065 630 Fili,
1093 598 1150 621 cur
1174 588 1341 629 permittas
1366 597 1417 620 me

1038 645 1122 668 nunc
1147 645 1217 668 esse
1241 639 1304 668 tam
1332 634 1467 668 fortem?

991 684 1090 726 Rogo,
1117 684 1283 716 moriendo
1307 692 1359 716 me

1038 734 1126 764 tuam
1150 730 1202 764 fac
1227 733 1417 764 consortem.

910 809 965 842 55.
990 809 1016 842 O
1040 816 1113 842 mea
1136 808 1269 850 laetitia,

1037 856 1135 898 salus,
1160 864 1234 896 spes
1260 858 1293 888 et
1316 856 1392 899 vita,

989 904 1054 937 Cur
1077 912 1128 935 me
1144 903 1317 947 ¹relinquis,
1342 902 1399 945 fili,

1039 951 1213 983 desolatam
1237 951 1284 984 ita
1295 951 1308 981 .’

989 999 1050 1041 En,
1074 998 1144 1030 sine
1168 997 1287 1029 auxilio

1036 1054 1104 1077 sum
1129 1047 1163 1078 in
1188 1045 1299 1086 poenis
1321 1044 1393 1085 sita,

988 1094 1056 1126 Iam
1075 1102 1148 1126 mea
1171 1093 1292 1126 solacia

1037 1144 1151 1175 cuncta
1175 1143 1249 1174 sunt
1272 1139 1372 1174 finita.

907 1222 963 1255 56.
985 1219 1057 1261 Eia,
1084 1220 1168 1260 vide,
1195 1219 1242 1252 fili
1266 1219 1319 1260 mi,

1034 1271 1213 1301 maternum
1238 1276 1428 1307 gravamen3

989 1316 1066 1356 Quis
1089 1315 1168 1347 mihi
1193 1316 1234 1348 de
1259 1317 1365 1346 cetero

1035 1363 1214 1404 praestabit
1237 1361 1408 1394 iuvamen?

987 1412 1113 1444 Audire
1137 1420 1222 1443 nuno
1246 1410 1386 1450 digneris

1036 1460 1213 1492 maternum
1237 1466 1409 1499 precamen

987 1508 1032 1540 Et
1056 1507 1099 1540 ad
1123 1506 1228 1539 minus
1253 1506 1332 1538 mihi
1357 1507 1399 1539 da

1036 1555 1168 1596 aliquod
1195 1555 1346 1588 solamen.

907 1633 962 1666 57.
984 1636 1030 1665 At
1052 1635 1130 1664 tunc
1153 1631 1244 1665 Iesus
1268 1631 1402 1663 audiens

1037 1689 1089 1712 me
1113 1679 1332 1712 indesinenter

991 1728 1189 1768 Supplicare,
1216 1735 1342 1768 gemere

1039 1779 1070 1808 et
1095 1774 1174 1808 fiere
1199 1776 1399 1808 continenter

987 1825 1183 1865 Intuensque
1207 1824 1335 1856 anxium

1034 1881 1138 1905 meum
1165 1881 1219 1904 cor
1243 1874 1405 1913 patenter,

989 1921 1155 1954 Consolari
1183 1920 1349 1962 lugubrem

1038 1969 1126 2002 nisus
1152 1971 1201 2001 est
1225 1969 1407 2001 clementer.

906 2046 962 2082 58.
989 2047 1014 2080 Ο
1040 2047 1067 2078 si
1092 2047 1203 2087 scireS,
1234 2045 1371 2086 qualiter

1037 2095 1115 2127 mihi
1140 2094 1340 2132 condolebat,

990 2143 1115 2183 Nempe
1137 2152 1198 2184 pro
1217 2151 1269 2174 me
1293 2144 1392 2173 multo
1416 2142 1501 2182 plus,

1038 2200 1132 2232 quam
1157 2200 1216 2232 pro
1241 2198 1277 2222 se
1303 2188 1484 2231 languebat,

989 2239 1034 2272 Et
1060 2240 1127 2272 eius
1150 2238 1330 2280 poenalitas

1036 2288 1170 2320 multum
1194 2294 1246 2318 me
1270 2285 1446 2327 premebat,

989 2338 1039 2369 Ac
1068 2340 1221 2376 utrosque
1244 2334 1351 2374 passio

1041 2384 1182 2417 vicissim
1207 2383 1353 2423 angebat.
