1651 2606
233 178 264 211 9.

211 683 264 716 10.

212 1193 264 1225 11.

211 1690 264 1724 12.

209 2192 263 2227 13.

731 90 964 125 ..07-

292 179 342 212 Ibi
368 179 449 214 fiunt
472 182 539 215 fide
563 185 649 217 sanis

291 227 426 270 Sanguis
453 239 538 273 caro,
566 233 673 265 vinum
697 234 800 274 panis,

288 277 375 315 Quae
399 278 432 310 in
458 279 529 320 lege
553 281 752 321 servabatur,

290 322 362 355 Hac
385 325 419 357 in
445 335 523 359 cena
549 327 738 361 exsufflatur

339 370 506 406 Litteralis
530 376 635 416 palea.

292 417 450 452 Aufer-tur
474 422 619 454 velamen
645 424 760 464 vultus,

287 465 458 506 Moysinae
481 470 562 509 legis
584 470 698 509 cultus,

293 514 391 554 Fugit
414 516 538 555 umbra,
565 526 628 549 nox
653 519 775 559 legalis,

294 560 413 594 Sensus
438 563 523 596 lucet
548 564 714 608 spiritalis,

344 608 452 642 Grano
478 613 595 652 gaudet
621 621 707 646 area.

291 684 415 725 Lupum
443 688 547 720 cernis
572 690 657 721 inter
680 698 767 729 oves,

292 733 475 767 Tolerando
501 739 607 769 tamen
632 736 732 778 foves,

292 780 356 813 Sed
383 781 514 815 fovebas
541 787 603 816 tam
629 784 804 826 indignum,

290 828 462 862 Emollires
488 833 525 863 ut
548 832 721 873 malignum

337 876 405 909 Tuo
431 877 596 912 beneficio.

292 927 395 959 Pedes
421 929 484 960 tuis
512 937 582 962 cum
606 929 725 969 lavisti,

293 974 411 1007 Canem
434 976 526 1008 illum
550 986 614 1009 non
640 977 801 1018 sprevisti,

289 1022 465 1055 Maledicto
491 1025 679 1062 incurvaris,

290 1069 393 1101 Pedes
420 1071 487 1103 eius
512 1071 705 1112 amplexaris

339 1117 466 1150 Servuli
492 1118 654 1160 obsequio.

292 1194 368 1226 Istis
392 1196 455 1227 rite
481 1198 715 1240 consummatis,

294 1242 424 1275 Ardens
449 1244 522 1284 igne
549 1245 703 1285 caritatis,

294 1291 379 1329 Quos
405 1292 546 1332 amabas,
574 1294 760 1336 consolaris,

292 1337 357 1369 Pro
383 1338 552 1373 turbandis
578 1340 730 1380 anxiam,

341 1384 420 1417 Cum
444 1387 581 1420 instaret
604 1388 723 1427 passio.

293 1431 406 1465 Noctis
432 1434 504 1467 sinu
532 1436 638 1468 clauso
666 1435 718 1468 die

292 1478 414 1513 Locum
435 1483 520 1522 petis
545 1484 687 1524 agoniae,

290 1527 409 1560 Tecum
434 1538 544 1563 mones
570 1531 779 1571 vigilandum,

292 1574 478 1617 Segregaris
504 1578 546 1611 ad
572 1579 737 1622 orandum,

342 1622 406 1657 Sed
432 1627 563 1666 pavoris
588 1627 705 1659 studio.

291 1690 356 1724 Res
374 1694 532 1733 miranda,
557 1694 662 1726 carnis
679 1697 824 1735 mortem,

294 1738 382 1777 Quae
394 1751 456 1773 non
471 1743 571 1774 terret
584 1742 688 1774 virum
698 1741 825 1783 fortem,

289 1786 465 1828 Bibit-,urus
493 1799 587 1830 quam
613 1790 720 1830 sitisti,

292 1837 346 1869 Ad
373 1846 466 1877 quam
487 1838 598 1871 volens
618 1838 743 1870 demum
759 1839 824 1882 isti⁷

340 1886 423 1924 Quid
451 1887 609 1926 pavescis,
636 1886 797 1919 Domine?

293 1932 357 1966 Sed
383 1943 536 1973 pavorem
562 1935 775 1975 assumpsisti,

293 1981 345 2013 Ne
371 1982 547 2023 desperent
571 1982 670 2015 corde
694 1983 790 2025 tristi,

294 2029 353 2068 Qui
378 2039 438 2070 per
465 2039 592 2063 carnem
609 2030 822 2069 infirmantur,

291 2077 377 2110 Dum
404 2078 533 2118 passuri
558 2079 791 2119 perturbantur

339 2125 403 2159 Hic
426 2135 488 2167 pro
512 2129 568 2158 tuo
594 2127 731 2161 nomine.

291 2195 316 2227 O
344 2202 499 2236 pavorem
525 2194 753 2234 venerandum,

292 2242 457 2276 Creaturis
482 2241 694 2283 adorandum,

291 2292 351 2331 Qui
375 2291 409 2322 in
436 2293 524 2322 terra
550 2290 767 2329 decurrentes,

292 2340 364 2373 Vim
391 2338 512 2371 amoris
538 2337 744 2371 ostendentes

338 2388 454 2423 Guttas
481 2385 568 2420 fudit
592 2386 766 2428 sanguinis.

902 456 951 488 14.

894 959 949 991 15.

897 1454 951 1488 16.

899 1954 953 1986 17.

974 190 1048 222 Iesu
1075 188 1187 229 dulcis,
1214 199 1315 230 pavor
1338 188 1410 230 iste,

975 237 1046 269 Hoc
1070 237 1196 269 sudoris
1222 246 1319 278 genus
1339 237 1443 278 triste,

975 285 1062 324 Quae
1087 293 1144 325 pro
1170 285 1261 317 nobis
1287 284 1477 328 gestiebant,

976 332 1063 364 Tuae
1087 332 1179 365 nobis
1204 332 1418 365 ostendebant

1024 379 1094 411 Vim
1111 380 1342 413 amaritudinis.

980 458 1151 496 Postquam
1182 464 1318 496 nequam
1336 455 1393 487 ille
1419 454 1505 487 canis

975 503 1092 535 Turbis
1127 512 1257 535 currens
1284 512 1353 534 cum
1378 502 1504 534 vesanis

975 551 1023 583 Te
1046 552 1189 584 salutans
1212 559 1291 583 voce
1315 550 1380 582 leni

975 598 1107 630 Plenum
1134 598 1194 631 tibi
1221 599 1277 630 dat
1300 598 1414 631 veneni

1022 645 1180 678 Fictionis
1205 646 1359 685 osculum,

974 694 1026 725 Ita
1050 693 1188 734 quidem,
1215 703 1233 725 0
1257 694 1403 734 benigne,

977 739 1161 781 Refugisses
1188 750 1297 773 canem
1324 740 1429 780 digne,

974 787 1038 819 Sed
1062 789 1217 821 immensa
1242 788 1289 822 vis
1316 786 1455 820 dulcoris

974 835 1099 867 Blande
1123 837 1196 867 tulit
1221 835 1397 875 proditoris

1021 882 1159 914 Tantum
1184 883 1243 915 hoc
1266 882 1437 922 piaculum.

978 958 1158 998 Captivaris
1184 959 1253 990 sine
1277 967 1377 999 mora,

978 1006 1058 1038 Nam
1086 1007 1166 1039 haec
1191 1009 1260 1038 erat
1284 1006 1342 1037 illa
1367 1005 1446 1037 hora

979 1054 1024 1086 Et,
1046 1057 1189 1094 potestas
1215 1053 1428 1091 tenebrarum,

978 1103 1078 1142 Quam
1101 1100 1241 1142 figurant
1264 1101 1493 1141 prophetarum

1027 1149 1109 1182 Olim
1135 1149 1294 1182 vaticinia.

980 1197 1147 1236 Captivato
1173 1200 1206 1228 te
1228 1199 1358 1236 pastore

980 1245 1038 1277 Tui
1066 1245 1171 1285 gregis
1196 1253 1275 1283 prae
1299 1244 1413 1274 timore

978 1293 1060 1325 Oves
1086 1293 1206 1332 passim
1233 1292 1468 1331 disperguntur,

979 1340 1077 1372 Nulla
1101 1348 1232 1379 prorsus
1257 1338 1432 1370 fulciuntur

1026 1387 1121 1419 Fidei
1146 1386 1336 1418 constantia.

978 1454 1042 1486 Res
1067 1453 1200 1494 indigna
1226 1452 1287 1485 Dei
1313 1460 1404 1493 agno,

981 1502 1059 1535 Cum
1085 1502 1219 1534 tumulto
1246 1499 1334 1533 urbis
1359 1507 1472 1540 magno

978 1551 1091 1581 Annae
1119 1550 1257 1589 primum
1282 1546 1508 1590 praesentaris,

979 1597 1074 1631 Unde
1099 1600 1220 1629 tractus
1246 1595 1419 1638 applicaris

1027 1644 1170 1685 Caiphae
1195 1642 1428 1685 conspectibus.

982 1695 1054 1726 Huc
1079 1696 1111 1724 te
1136 1694 1250 1725 Petrus
1276 1691 1383 1724 audax
1409 1698 1475 1729 ore,

981 1742 1081 1773 Totus
1107 1741 1231 1781 pallens
1257 1748 1335 1780 prae
1360 1746 1490 1780 pavore,

980 1788 1040 1829 Qui
1063 1789 1126 1821 iam
1150 1788 1238 1821 nosci
1263 1787 1444 1828 verebatur,

980 1838 1010 1869 A
1036 1836 1166 1869 remotis
1192 1835 1384 1876 sequebatur

1029 1884 1234 1917 Nutabundis
1259 1884 1416 1924 passibus.

981 1954 1058 1986 Mox
1084 1951 1241 1985 infrendit
1264 1951 1361 1983 iudex
1385 1949 1496 1988 malus,

980 2001 1228 2041 Blasphcmatur
1247 1999 1356 2031 mundi
1378 1997 1465 2029 salus

979 2049 1024 2081 Et
1050 2048 1185 2081 dulcedo
1210 2047 1366 2087 irritatur,

980 2096 1152 2129 Rectitudo
1177 2094 1352 2128 infamatur

1028 2144 1217 2177 Subornatis
1241 2142 1387 2176 testibus.

980 2193 1044 2225 Hic
1068 2192 1218 2224 maiestas
1245 2195 1293 2223 est
1319 2191 1483 2228 consputa,

980 2241 1051 2273 Stat
1076 2240 1190 2280 sophia
1215 2238 1305 2279 quasi
1326 2239 1425 2278 muta,

979 2289 1162 2321 Maculatur
1186 2285 1403 2329 pulchritudo,

983 2337 1151 2377 Fatigatur
1177 2333 1331 2367 fortitudo

1028 2385 1204 2425 Alaparum
1228 2381 1355 2413 ictibus.

1297 2435 1338 2466 5*
