1651 2606
658 56 913 96 *184*

148 165 180 198 3.
216 160 337 203 Gaude,
364 161 448 203 quod
472 169 531 193 nec
554 158 700 193 habearis

255 210 293 242 In
320 215 472 249 conceptu
494 208 619 239 lubrica

208 257 277 289 Nec
301 257 332 288 in
358 259 451 299 partu
475 253 661 295 torquearis,

256 304 306 337 Tu
328 306 422 344 porta
447 303 611 342 dominica,

209 353 316 395 Porta,
344 359 423 392 quae
446 359 509 382 non
534 348 696 387 reseraris,

209 399 259 431 Tu
282 408 362 438 quae
384 398 482 429 solem
506 397 601 427 stella
624 394 723 435 pariS,

255 446 354 478 Stella
377 453 438 476 non
465 444 610 481 erratica,

208 493 384 532 Nesciaque
412 499 520 531 parem
545 490 641 532 paris„

207 541 244 573 In
269 540 329 572 hoe
352 539 420 571 sola
443 538 644 579 praerogaris

254 586 322 619 Nec
348 586 481 618 instabit
501 586 618 626 aliqua.

151 665 181 697 4.
208 662 328 705 Gaude,
356 671 436 702 quae
458 662 531 694 dum
548 672 567 694 a
583 662 758 703 praeclaris

255 710 356 742 Stena
377 709 458 741 duce
481 710 606 750 magica

206 757 402 788 Reverenter
431 758 586 801 adoraris,

251 804 353 844 Reges
380 806 411 835 et
434 804 576 837 Arabica

206 851 299 883 Dona
321 860 428 892 regum
454 852 633 888 admiraris,

206 900 324 939 Quibus
349 900 421 939 ipsa
445 899 610 940 figuraris3

253 946 366 979 Murra
392 947 484 979 docet
508 948 626 987 typica,

210 994 289 1032 Quia
314 993 399 1025 cruci
425 994 660 1037 complantatus,

208 1041 296 1073 Auro
321 1050 455 1081 regnans
481 1042 668 1085 ostendan's,

254 1088 338 1120 Ture
362 1090 465 1120 mater
490 1088 590 1122 deiea.

149 1162 180 1198 5.
209 1163 330 1205 Gaude,
357 1165 432 1196 luna
456 1165 670 1209 transsolaris,

253 1212 345 1244 Luna
369 1220 431 1243 non
457 1212 614 1252 ecliptica,

207 1258 307 1298 Luna,
333 1267 413 1299 quae
437 1269 500 1292 non
525 1260 669 1301 variaris,

252 1306 347 1346 Alba,
375 1306 472 1347 clara,
496 1307 673 1349 sphaerica,

208 1353 297 1391 Quod
320 1354 435 1386 oblatis
458 1354 557 1386 sacris
582 1355 656 1395 aris,

208 1401 294 1439 Quae
319 1400 433 1432 offerre
456 1401 616 1434 tenebaris

252 1448 304 1480 Ex
331 1448 402 1488 lege
424 1448 578 1489 Mosaica,

207 1494 292 1527 Voce
316 1495 431 1536 lumen,
457 1504 517 1536 quo
542 1496 699 1538 lustraris,

207 1541 302 1574 Tanti
325 1545 435 1583 stupet
456 1543 622 1576 luminaris

253 1590 379 1623 Simeon
406 1591 602 1631 prophet-ica.

830 158 861 190 6.
890 155 1012 195 Gaude,
1038 156 1125 188 sinus
1148 153 1312 196 puellaris,

933 203 1087 236 Maiestas
1112 204 1306 245 authentica,

887 251 973 289 Quae
997 253 1167 291 tyrannum
1193 251 1401 291 depraedaris

933 299 1193 340 Depraedantem
1216 300 1351 340 reliqua,

885 346 1011 388 Lupum
1036 355 1117 387 agno
1142 349 1177 378 tu
1202 347 1338 391 venam,

885 395 946 434 Qui
969 395 1044 427 dum
1065 394 1115 426 sui
1138 393 1175 426 fit
1195 393 1308 427 altaris

933 442 1049 475 Hostia
1072 440 1218 483 pacifica,

886 490 997 530 Tuque
1021 490 1116 522 simul
1135 490 1319 532 immolaris,

889 537 1075 580 Resurgenti
1103 538 1295 578 collaetaris‚

933 585 1000 618 Soli
1024 586 1080 618 lux
1102 585 1260 620 enclitica.

852 684 859 692 .
888 660 1010 704 Gaude,
1038 670 1119 702 quae
1144 662 1218 694 dum
1243 662 1441 695 consecraris

934 709 1054 742 Divina
1076 710 1221 751 basilica,

884 756 992 796 Lapis,
1020 766 1119 797 supra
1143 766 1236 797 quem
1259 756 1415 798 fundaris,

935 803 1024 836 Colla
1048 805 1167 844 premit
1190 805 1325 845 hostica,

886 851 985 891 Lapis
1011 852 1139 892 quidem
1163 853 1335 893 angularis,

886 898 1088 939 Reprobatus
1114 900 1154 932 ab
1179 901 1299 941 ignaris

934 948 974 980 In
998 950 1092 988 gente
1113 948 1256 990 Iudaica,

886 995 950 1027 Sed
975 996 1008 1026 in
1031 994 1158 1027 Christo
1184 1005 1265 1036 quae
1289 996 1438 1036 firmaris,

886 1041 1055 1074 Elevatum
1082 1043 1307 1083 contemplaris

934 1090 1039 1130 Supra
1062 1098 1205 1130 quaeque
1230 1092 1359 1125 caelica.

853 1193 859 1199 .
887 1164 1007 1207 Gaude,
1034 1166 1157 1207 lampas
1180 1168 1307 1209 olearis,

932 1213 1070 1253 Lampas
1096 1215 1278 1255 aromatica,

887 1262 962 1302 Vas,
994 1262 1079 1302 quod
1102 1262 1204 1294 solum
1226 1272 1290 1295 non
1315 1264 1440 1304 solaris,

933 1309 1004 1341 Olla
1029 1310 1097 1349 spei
1121 1311 1267 1354 mystica,

886 1357 985 1396 Quod⁷
1013 1366 1075 1396 qua
1099 1367 1220 1390 summe
1245 1359 1410 1403 replearis,

885 1403 1060 1436 Exundare
1084 1406 1237 1437 merearis

935 1450 1048 1483 Gratia
1071 1453 1282 1493 pneumatica,

886 1499 1127 1540 Reddendaque
1151 1500 1299 1542 largiariS

885 1546 956 1578 Tua
981 1555 1056 1579 cara
1080 1547 1144 1579 tuis
1171 1548 1253 1581 caris

932 1595 1025 1627 Dona
1047 1596 1244 1635 paraclitica.

489 1668 521 1701 9.
549 1667 671 1709 Gaude,
698 1677 778 1708 quae
802 1669 849 1701 sic
875 1671 1057 1712 dominaiis,

594 1716 684 1755 Quod
710 1725 768 1748 nec
792 1717 889 1749 habet,
914 1720 1046 1759 cantica,

547 1762 666 1802 Quibus
690 1763 785 1804 plene
810 1766 988 1798 concinaris

593 1810 675 1842 Tota
703 1812 813 1844 mundi
837 1813 975 1854 musica;

545 1857 594 1889 Tu
622 1866 771 1898 suprema
796 1860 971 1901 collocaris,

546 1904 596 1936 Tu
620 1905 763 1945 perfecte
790 1907 948 1948 gloriariS,

593 1952 643 1984 Tu
666 1955 790 1994 potens,
814 1957 851 1986 tu
874 1955 1000 1997 bellica,

547 1999 605 2040 Tu,
632 2010 712 2040 quae
737 2001 854 2034 victrix
879 2004 1050 2047 coronaris,

547 2046 597 2079 Ne
620 2057 677 2080 nos
702 2048 788 2081 vinci
812 2051 956 2093 patiaris,

593 2094 657 2127 Sed
681 2105 740 2137 pro
765 2096 856 2129 nobis
883 2099 1007 2133 dimica.

213 2157 283 2185 Cod.
303 2158 465 2186 Londinen.
485 2159 548 2194 Reg
581 2159 598 2186 7
613 2160 638 2187 A
650 2160 703 2189 VI.
723 2159 889 2191 saee.14l15.
906 2178 946 2183 ——
966 2163 992 2200 1,
1006 2163 1025 2194 3
1045 2167 1212 2197 salvatoris.
1233 2185 1270 2189 —
1290 2170 1318 2206 2,
1334 2171 1350 2199 1
1366 2182 1443 2210 quae

137 2196 180 2223 sic
205 2195 367 2224 honoraris.
395 2211 431 2216 —
457 2194 490 2231 2,
510 2194 530 2224 4
555 2199 654 2226 moris.
678 2213 718 2218 —-
744 2198 770 2234 5,
790 2200 810 2229 4
828 2201 906 2230 Alba
925 2202 1006 2231 clara
1025 2206 1122 2243 spica3
1145 2207 1196 2236 der
1216 2208 1372 2239 Schreiber
1391 2212 1446 2240 hat

137 2234 192 2261 den
211 2234 373 2269 per-Strich
395 2235 485 2263 durch
505 2235 556 2263 das
577 2246 595 2272 p
615 2245 779 2274 vergessen.
801 2253 838 2258 ——
858 2240 884 2275 5,
908 2239 925 2269 5
946 2242 1052 2272 oblate.
1073 2259 1111 2264 -
1130 2242 1157 2280 8,
1180 2246 1197 2274 7
1217 2251 1385 2284 pneumata.
1407 2266 1444 2271 —-

136 2272 199 2300 Das
223 2272 299 2300 Lied
324 2273 461 2302 bedentet
485 2274 551 2302 eine
577 2274 675 2303 wahre
699 2276 917 2315 Parforeetour,
942 2280 979 2308 da
1004 2282 1138 2312 derseibe
1162 2285 1354 2322 Doppelreim
1381 2290 1446 2318 sich

135 2309 225 2337 durch
251 2311 303 2339 das
328 2320 421 2347 ganze
444 2312 517 2340 Lied
543 2312 689 2348 hinzieht‚
718 2323 744 2342 u.
766 2325 818 2343 zw.
845 2317 920 2346 ohne
940 2318 1074 2348 dasselbe
1094 2324 1266 2351 wesentlieh
1286 2334 1324 2353 zu
1344 2326 1444 2357 beein-

134 2347 307 2385 ‘cri'tchtigen-
