1651 2606
670 69 926 105 ³180—

317 175 460 216 Suscipe,
487 180 612 213 quaeso,
638 175 725 201 meos
750 175 809 208 per
833 163 951 206 gaudia
975 162 1113 203 quinque
1138 161 1298 200 precatus,

317 223 421 263 Dilue,
448 229 525 262 quas
550 217 660 258 merui,
683 222 803 256 poenas
829 215 862 244 et
886 215 974 251 terge
998 212 1116 242 reatus.

317 270 476 303 Plaudens
500 264 663 307 plangenti
688 262 730 294 da
752 261 894 302 gaudens
915 257 1031 299 gaudia
1055 255 1155 298 flenti,

318 319 393 350 Post
417 316 562 356 planctus
586 312 726 351 plausuS‚
752 311 828 349 post
850 308 955 339 luctus
977 306 1065 338 laeta
1090 302 1221 337 dolenti.

237 368 291 399 75.
316 365 431 403 Mater,
458 361 569 402 amica,
595 367 685 390 soror
711 361 742 388 et
766 356 879 388 summi
903 356 979 386 nata
1002 351 1156 392 parentis,

316 412 441 452 Sponsa
463 407 590 449 pudica,
618 413 721 438 comes
747 404 870 436 caelum
892 404 1076 441 terramque
1098 398 1250 440 regentis,

313 459 366 491 Ad
396 460 428 488 te
454 457 642 488 clamantum
666 452 750 485 votis
775 451 889 484 assiste
913 451 1036 491 parata,

315 507 461 545 Protege,
485 503 606 534 munda
627 509 711 541 reos,
735 499 859 532 miseris
883 498 1047 537 miserere,
1073 496 1179 528 beata-

314 553 400 591 Quae
424 552 482 583 tibi
505 559 568 582 non
593 549 683 581 valeo
709 547 879 587 praeconia
903 546 1042 577 reddere
1067 544 1172 586 digne,

234 603 290 635 80.
316 599 459 641 Suscipe,
485 606 611 637 quaes0,
638 600 744 628 tamen
768 595 911 636 quamvis
934 593 1067 633 indigna
1091 591 1236 632 benigne.

317 648 400 687 Quas
425 647 494 678 licit
511 645 661 685 indignus
686 643 745 674 tibi
770 642 868 683 solvo,
893 641 1021 681 suscipe
1043 640 1166 679 laudes,

314 696 378 727 Per
402 697 435 725 te
456 692 632 730 subveniat,
660 700 729 723 cum
754 699 815 731 quo
839 699 900 730 per
923 688 1050 721 saecula
1074 687 1204 728 gaudeS.

315 742 458 782 Quinque
482 749 540 781 per
565 741 621 772 hos
644 741 775 779 plausus
803 736 911 770 devoti
935 745 1026 779 quam
1050 743 1249 771 veneramur,

317 791 363 822 Te
387 789 455 821 nati
480 788 617 828 quinque
641 796 700 827 per
723 786 856 818 vulnera
882 784 953 819 dira
977 792 1155 824 precamur,

234 839 289 871 85.
316 837 430 869 Redde
454 836 539 877 pium
565 834 667 874 nobis,
695 842 765 865 cum
789 842 849 873 quo
874 841 988 872 regnas
1014 831 1082 863 sine
1104 829 1177 869 fine,

315 885 366 916 Ne
390 893 446 916 nos
472 886 620 915 aeternae
642 881 751 914 tradat
774 883 848 921 post
873 880 941 913 fata
965 879 1086 911 ruinae.

316 932 367 964 Sit
390 931 458 971 tibi,
485 933 597 971 mater,
621 930 733 969 honor,
760 931 908 961 aeternae
930 927 1027 959 ianua
1049 926 1141 966 luciS,

315 979 396 1011 Luci
425 977 614 1017 coniungens
639 976 797 1016 tenebras,
824 979 954 1007 aeterna
979 974 1115 1007 caducis.

320 1025 433 1058 Gloria
451 1027 495 1057 sit
517 1024 614 1064 patri,
639 1025 710 1056 laus
733 1023 818 1063 proli
843 1022 1033 1063 spirituique

236 1075 290 1107 90.
318 1072 367 1105 Sit
390 1073 496 1112 decus,
521 1072 699 1112 imperium,
725 1071 827 1104 virtus
851 1070 1000 1110 perennis
1026 1069 1153 1109 ubique.

228 1148 297 1177 Cod.
317 1148 479 1176 Londinen.
501 1148 573 1184 Reg.
593 1145 610 1173 7
631 1147 657 1174 A
675 1147 726 1175 VI.
747 1155 822 1175 saec.
843 1143 918 1175 1‘²l15-

564 1267 622 1300 176.
652 1269 695 1299 De
716 1268 771 1299 VII
794 1265 920 1298 Gaudiis
940 1265 1027 1298 BMV.

167 1350 194 1382 1.
222 1348 342 1390 Gaude,
369 1347 457 1388 virgo
482 1351 583 1379 mater
609 1347 737 1385 Christi,

222 1397 306 1436 Quae
335 1405 394 1435 per
418 1404 524 1427 aurem
552 1394 724 1435 concepisti

270 1442 420 1476 Gabriele
442 1443 562 1481 nuntio,

223 1490 307 1522 Dum
332 1488 496 1522 confestim
523 1489 689 1523 credidisti

222 1537 268 1570 Et
291 1538 338 1569 sic
360 1537 463 1569 Fiat
485 1536 648 1577 protulisti

271 1585 424 1617 Adnuens
448 1584 611 1617 altissimo.

169 1654 200 1684 2.
228 1651 350 1691 Gaude,
376 1660 456 1691 quae
481 1661 500 1683 a
522 1651 592 1683 Deo
615 1650 713 1690 plena

225 1698 399 1738 Perperisti
423 1699 491 1730 sine
514 1707 616 1739 poena

273 1746 350 1777 Cum
373 1746 505 1786 pudoris
525 1746 602 1790 lilio,

227 1794 322 1832 Quem
349 1794 388 1825 de
414 1794 500 1825 caelo
525 1796 560 1825 tu
584 1793 720 1835 traxisti,

227 1841 329 1879 caste,
356 1841 456 1881 virg0,
483 1841 556 1874 dum
583 1841 704 1884 vixisti,

273 1888 389 1921 Mundi
416 1888 455 1920 de
480 1889 606 1922 auxilio.

173 1958 205 1990 3.
231 1955 386 1995 Genuisti,
410 1955 511 1997 virgo,
537 1956 646 1995 solem,

228 2004 316 2036 Sicut
340 2003 431 2042 spina
455 2003 605 2034 mundum
628 2001 738 2035 florem

273 2049 366 2083 Nova
390 2046 546 2094 [prorsus]
571 2050 734 2091 genitura;

229 2098 405 2136 Promisti,
430 2101 542 2138 mater,
563 2098 696 2139 prolem,

231 2146 290 2186 Qui
315 2145 439 2185 peccati
462 2145 562 2177 nostri
586 2146 699 2177 molem

277 2192 393 2226 Aufert
415 2202 474 2233 per
500 2194 539 2233 te,
574 2194 663 2233 virgo
688 2203 778 2234 pura.

169 2263 202 2295 4.
229 2260 351 2301 Gaude,
377 2260 462 2301 quod
485 2263 552 2292 tres
573 2260 657 2292 dona
673 2259 780 2292 ferunt

228 2308 322 2346 Nato,
349 2316 440 2348 quem
465 2308 679 2341 adoraverunt

276 2355 424 2398 Virgineo
450 2356 483 2389 in
509 2356 639 2397 gremio,

898 1347 928 1378 A
953 1346 1083 1378 remotis
1106 1345 1142 1378 hi
1168 1349 1334 1385 venerunt,

899 1393 1054 1432 Murram,
1077 1403 1198 1433 aurum,
1220 1396 1271 1425 tus
1291 1394 1433 1426 tulerunt

947 1441 1092 1473 Adorato
1117 1440 1265 1475 Domino,

844 1509 874 1540 5.
901 1507 1100 1549 Adorabant‚
1127 1508 1227 1551 virgo,
1254 1511 1374 1547 natum,

903 1555 1001 1594 Quem
1026 1557 1061 1586 tu
1085 1555 1163 1587 mihi
1188 1555 1241 1588 fac
1261 1556 1422 1595 placatum

947 1603 1114 1635 Peccatori
1138 1604 1286 1642 maximo,

902 1650 948 1683 Ut
969 1659 1075 1683 meum
1100 1651 1204 1683 solvat
1230 1654 1357 1683 reatum

902 1698 946 1731 Et
971 1707 1040 1730 cum
1064 1699 1126 1731 hoc
1148 1708 1199 1731 me
1222 1708 1308 1731 nunc
1328 1699 1456 1732 beatum

948 1746 1064 1778 Faciat
1085 1747 1120 1779 in
1144 1747 1281 1781 saeculo.

868 1839 875 1846 .
903 1812 1025 1853 Gaude,
1051 1814 1152 1854 virgo,
1179 1817 1401 1854 praesentatus

904 1861 967 1894 Per
991 1865 1023 1893 te
1048 1861 1134 1901 quod
1160 1865 1209 1893 est
1232 1865 1305 1894 tuus
1330 1867 1424 1896 natus

950 1908 1046 1949 Legis
1069 1909 1260 1950 testimonio,

903 1955 1026 1989 Mundo
1050 1965 1109 1996 per
1133 1959 1168 1988 te
1190 1966 1267 1989 vere
1293 1959 1385 1992 datus

905 2003 998 2044 Mihi,
1024 2007 1108 2048 peto,
1135 2003 1192 2037 fiat
1217 2009 1327 2046 gratus

954 2051 998 2083 Et
1021 2053 1107 2084 omni
1129 2053 1183 2092 pio
1209 2055 1340 2093 populo.

873 2145 880 2153 .
909 2117 1031 2154 Gaude,
1057 2120 1132 2159 quia
1155 2121 1202 2152 tui
1226 2122 1305 2166 nati,

907 2166 1006 2205 Quem
1029 2167 1163 2200 videbas
1186 2171 1321 2201 mortem
1346 2172 1426 2213 pati,

956 2214 1074 2255 Fulget
1097 2217 1309 2257 resurrecti03

910 2261 1020 2295 Gavisi
1044 2267 1119 2295 sunt
1143 2263 1295 2304 discipuli

907 2309 954 2343 Et
977 2310 1146 2344 multitudo
1171 2312 1282 2351 populi

958 2358 1034 2391 Viso
1059 2359 1113 2399 pio
1137 2359 1285 2393 Domino.
