1651 2606
726 153 762 159 ὰ-
825 129 889 170 101
943 151 988 159 -2

240 252 248 259 .
273 223 379 272 Nunc,
406 237 425 261 o
448 228 557 261 lumen
584 230 737 263 caelicmn

325 277 358 307 et
381 276 488 308 vultus
516 277 654 318 deitatis,

273 323 322 354 Te
346 323 449 357 redde
476 324 637 358 desiderio

321 371 551 413 universitatiS,

272 419 373 458 Quem
396 420 460 451 hoc
486 421 539 453 die
563 421 671 461 gaudii

323 470 454 499 nostrae
478 468 702 500 sollemnitatis

273 513 455 554 Exspectat
478 524 568 547 amor
593 516 729 547 omnium

322 564 357 593 ut
382 571 490 603 regem
515 562 724 596 aeternitatis.

240 643 247 649 .
275 618 395 650 Guttur
426 620 659 658 suavissimum,

324 675 478 706 organum
504 668 674 708 caelorum,

275 713 367 753 Quod
392 723 453 754 pro
474 724 526 747 me
541 724 671 747 raucum
689 716 833 749 reddidit

321 761 415 794 labor
439 765 678 804 tormentorum,

274 809 323 841 Te
347 810 450 842 saluto
473 810 595 842 intimis

324 858 408 889 votis
434 859 705 903 praecordiorum,

271 904 337 937 Per
364 914 457 945 quem
482 910 627 939 reserata
652 908 726 938 sunt

322 953 408 985 bona
432 955 637 985 secretorum.

242 1034 249 1040 .
276 1009 382 1042 Aures
407 1009 624 1043 nobilissimae

324 1057 459 1099 insignis
484 1057 650 1098 auditoris,

276 1104 363 1143 Quae
386 1114 450 1137 non
474 1109 630 1145 spernunt
653 1106 806 1147 pauperis

320 1160 450 1192 precem
474 1152 663 1196 peccatoris,

274 1199 433 1240 Repletae
457 1205 533 1233 sunt
557 1201 739 1241 opprobriis

321 1248 354 1279 in
380 1250 525 1287 tempore
548 1248 713 1292 maeroris,

276 1294 342 1327 Sed
366 1304 452 1327 nunc
476 1296 642 1328 abundant
666 1296 782 1337 gaudio

324 1343 358 1375 in
383 1343 532 1376 laudibus
556 1344 696 1377 honoris,

905 234 936 267 6.
961 233 1046 265 Dum
1072 232 1140 266 dies
1166 229 1374 266 excellentiae

1006 280 1130 313 invexit
1153 281 1383 314 iucunditatem

960 328 1006 360 Et
1027 337 1087 368 pro
1114 332 1313 369 contemptus
1338 337 1455 370 genere

1010 375 1065 408 dat
1090 375 1327 414 sublimitatem,

960 424 1045 455 Dum
1069 423 1201 456 verbum
1227 432 1281 455 ens
1307 423 1453 456 altissimi

1008 471 1098 503 audit
1119 471 1362 511 paternitatem:

960 518 1037 551 Mea
1056 528 1152 559 surge
1172 519 1284 560 gloria,

1007 575 1131 598 assume
1157 567 1345 601 claritatem.

927 646 935 654 .
962 623 1049 656 Odor
1074 624 1179 656 suavis
1204 625 1329 656 narium

1009 671 1154 703 caelestis
1179 671 1340 711 odoratus,

962 719 1049 758 Quae
1075 719 1216 751 cordium
1243 718 1412 751 dulcedine

1004 764 1042 797 fit
1065 774 1162 806 saepe
1187 766 1372 809 delectatus,

961 812 1027 845 Sed
1051 814 1221 855 impiorum
1246 814 1394 846 sordibus

1011 863 1060 892 est
1084 862 1242 901 quondam
1267 861 1463 901 molestatus,

959 907 1021 939 Est
1044 908 1078 939 in
1105 908 1234 940 caelesti
1257 909 1361 948 gloria

1006 964 1091 986 nunc
1114 955 1209 994 plene
1235 956 1426 990 dulcoratus

926 1036 933 1044 .
961 1011 1066 1052 Salve,
1093 1020 1128 1043 os
1154 1012 1332 1044 dulcedinis

1010 1062 1042 1091 et
1068 1058 1259 1100 dilectionis,

956 1106 1007 1138 Tu
1028 1106 1138 1146 placas
1163 1107 1244 1139 iram
1268 1107 1405 1147 perditis

1009 1154 1137 1186 divinae
1160 1154 1290 1186 ultionis

958 1202 1023 1234 Per
1044 1201 1193 1234 haustum
1218 1201 1434 1234 amarissimae

1005 1251 1168 1282 mun-atae
1192 1249 1330 1290 potionis

960 1297 1024 1328 Pro
1051 1296 1265 1329 amaritudine

1009 1344 1244 1385 exspirationis,

615 1401 715 1441 Quam
743 1402 782 1433 de
805 1403 948 1433 torrente
971 1400 1100 1434 biberas

665 1450 699 1480 in
725 1449 777 1480 via
801 1449 969 1490 passionis.

278 1515 358 1543 Orat.
394 1525 447 1544 ms.
475 1515 623 1543 Caeciliae
649 1515 780 1552 Hughen
810 1517 880 1543 anni
909 1513 992 1544 1524.
1027 1515 1096 1543 Cod.
1124 1515 1327 1551 Stuttgartien.
1355 1512 1404 1549 (ol.
1431 1515 1515 1543 Miss-

199 1552 413 1591 Hamburgen.)
436 1552 450 1581 1
472 1554 490 1581 b
509 1551 554 1581 22.
576 1569 613 1573 -—
633 1551 660 1587 3,
682 1553 699 1581 7
719 1553 874 1590 Exspecta.
896 1568 933 1574 ——
953 1553 981 1589 5,
1002 1552 1020 1582 3
1041 1557 1182 1589 spei-nunt
1201 1563 1302 1586 vocem
1315 1555 1462 1590 pauperis.
1476 1567 1514 1573 ——

200 1591 227 1626 5,
247 1590 267 1619 4
286 1601 346 1620 non
364 1601 489 1629 precem.

616 1684 663 1717 89.
697 1686 741 1717 De
759 1684 1002 1717 Resurrectione
1021 1685 1055 1716 D.
1074 1686 1107 1717 N.

217 1748 247 1782 1.
276 1747 355 1780 Cum
373 1746 507 1779 verbum
533 1754 661 1779 carnem
686 1746 799 1785 induit,
900 1748 930 1780 3.
956 1746 1086 1779 Infinita
1110 1745 1290 1790 praeconia,

274 1795 417 1836 Agnosci
441 1797 518 1826 tunc
542 1803 604 1826 non
631 1795 745 1836 potuit,

319 1843 358 1876 In
382 1842 501 1875 mundo
528 1845 733 1875 conversatus

271 1891 479 1924 Incommoda
501 1890 663 1931 sustinuit,

272 1939 317 1972 Ut
343 1940 482 1972 clemens
506 1939 578 1980 ipse
603 1939 704 1972 voluit

318 1987 515 2021 Mortalitati
543 1986 646 2030 datus,

274 2035 429 2068 Caelestis
456 2035 553 2068 decor
576 2035 679 2079 latuit,

270 2083 340 2116 Nec
364 2083 535 2116 manifeste
559 2083 663 2123 patuit

320 2131 387 2166 Sub
412 2132 551 2172 tegmine
575 2133 711 2165 velatus

214 2192 245 2226 2.
273 2189 511 2223 Praecordialis
536 2190 688 2230 suavitas,

269 2239 294 2272 O
322 2237 484 2280 paschalis
510 2237 719 2281 sollemnitas,

316 2287 364 2320 Te
388 2295 461 2319 amo
488 2285 585 2318 corde
608 2288 686 2325 toto,

268 2335 319 2368 Tu
342 2344 471 2376 semper
496 2334 530 2366 in
554 2334 708 2366 memoria

267 2384 375 2426 Auges
402 2379 595 2428 [desideria]

317 2433 354 2466 In
378 2433 485 2465 animo
511 2434 544 2464 et
568 2434 652 2464 voto.

960 1794 1030 1827 Nec
1054 1794 1141 1826 dicta
1164 1802 1267 1833 neque
1291 1793 1386 1826 litera

1008 1842 1055 1875 Te
1078 1843 1174 1882 plene
1200 1841 1437 1883 collaudabunt,

959 1890 1103 1923 Affectus
1128 1890 1229 1922 trahis
1255 1890 1417 1930 mentium,

960 1939 1002 1972 Os
1027 1937 1140 1978 psallit
1165 1940 1196 1970 et
1222 1946 1276 1969 cor
1299 1937 1442 1975 iubflum,

1006 1986 1053 2019 Te
1073 1985 1187 2019 intima
1211 1985 1372 2018 amabunt.

924 2070 933 2079 .
959 2045 1009 2077 Tu
1034 2040 1119 2088 [das]
1144 2045 1213 2084 regi
1238 2043 1382 2084 gloriam,

958 2093 1007 2125 Tu
1034 2093 1091 2125 das
1118 2091 1350 2131 excellentiam,

1004 2140 1055 2173 Tu
1079 2139 1159 2172 facis
1186 2140 1365 2180 imperare3

959 2189 1018 2229 Qui
1044 2187 1105 2220 fuit
1131 2186 1390 2227 contemptibilis,

956 2237 1076 2270 Factus
1102 2238 1151 2268 est
1173 2235 1340 2274 mirabilis,

1005 2285 1090 2318 Dum
1114 2283 1229 2324 incipit
1253 2290 1398 2325 regnare.

925 2360 933 2369 .
956 2333 1097 2366 Mortale
1122 2331 1338 2364 habitaculum

958 2380 1118 2414 Refloruit
1141 2378 1342 2420 perlucidum

1006 2430 1142 2463 Virtutis
1167 2431 1241 2460 tuae
1267 2427 1381 2468 gratia,
