1653 2608
711 23 966 58 —208—

428 128 576 161 Simon.
1044 112 1313 146 Thaddaeus.

207 184 262 218 11.
286 185 336 217 Tu
360 185 449 225 virgo
473 184 628 225 virginum
652 180 715 220 pia,
880 171 935 207 12.
960 172 1010 205 Tu
1036 169 1164 223 donaina
1189 167 1386 222 augelorum,

285 232 334 264 Tu
357 233 413 264 lux
437 240 521 271 vera,
546 231 598 261 lex
623 230 655 258 et
676 226 737 265 via,
958 219 1009 251 Tu
1029 226 1140 270 regma
1163 223 1337 256 semorum,

287 280 334 311 Tu
359 279 442 311 mitis
469 287 511 317 es,
538 285 555 307 ο
578 273 692 313 Maria,
958 266 1009 299 Tu
1031 263 1173 297 mamilla
1195 264 1413 303 parvulorum,

287 326 360 360 Tibi
385 326 453 357 laus
479 326 527 356 est
549 319 697 353 Alleluia.
958 313 1007 346 Tu
1034 322 1067 345 es
1090 313 1193 345 mater
1219 310 1446 351 orphanorum.

675 404 806 437 Simul
838 409 997 436 omnes:

537 464 592 498 13.
618 464 722 502 Salve,
750 461 809 503 eia,
835 463 868 493 te
891 460 1070 500 laudamus,

619 511 666 544 Te
689 510 851 550 supplices
877 515 1054 548 exoramus,

620 559 700 598 Quia
724 558 767 590 ad
791 560 823 589 te
847 556 1055 596 suspiramus,

617 606 665 639 Te
690 606 800 638 videre
824 604 998 637 valeamus.

262 676 341 704 Orat.
377 683 429 702 ms.
461 673 613 701 Geli-ienae
642 680 717 700 saec.
740 669 784 700 15.
825 670 894 699 cod.
923 671 1056 698 Bremen.
1086 676 1102 695 o
1127 666 1173 695 15.
1199 667 1234 695 A.
1266 678 1306 684 ——
1335 664 1415 693 Orat.
1441 673 1495 692 ms.

189 713 475 742 Coi-ssendoneanum
500 719 576 740 saec.
603 709 647 739 15,
695 710 763 738 Cod.
790 709 931 738 Leodien.
959 704 1024 736 397.
1049 707 1083 735 B.
1110 720 1149 724 —
1175 706 1255 734 Orat.
1275 711 1330 730 ms.
1352 711 1427 731 saec.
1451 702 1496 731 15.

188 751 256 781 cod.
282 750 448 779 Bruxellen.
474 747 558 777 9798.
586 750 616 778 Ο.
641 765 681 770 —
706 750 790 777 Brev.
816 756 871 775 ms.
899 746 929 774 S.
957 745 1063 774 Clarae
1089 744 1238 780 Neapolit.
1259 750 1336 786 saec.
1358 740 1402 769 14.
1424 741 1494 769 Cori.

188 790 359 818 Casanaten.
380 788 405 816 B
424 788 470 816 m
491 786 508 815 5
526 785 611 823 (407).
633 788 698 816 add.
718 795 794 815 saec.
816 784 861 813 15.
881 786 919 813 D.
940 799 977 804 -—
998 784 1079 812 Orat.
1099 791 1154 810 ms.
1168 782 1198 810 S.
1211 782 1326 809 Manae
1339 780 1378 807 ad
1391 780 1495 808 Scotos

189 836 264 856 saec.
288 826 332 855 15.
363 827 433 854 Ood.
454 826 565 854 Scotor.
584 825 789 854 vindobonen.
809 822 845 853 50
868 825 883 851 f
900 821 947 851 27.
968 822 1003 850 Ε.

264 864 292 900 l,
316 864 331 893 1
358 867 450 893 mater
475 864 613 892 salutaris
632 863 674 899 Α,
702 864 858 892 salvatoris
878 864 972 890 mater
990 860 1026 888 E.
1052 873 1091 879 ——
1117 856 1146 893 1,
1167 856 1185 885 2
1214 859 1297 893 Quae
1324 859 1495 885 cunctorum

187 905 280 932 Deum
296 904 332 936 G;
354 904 435 937 Quae
455 903 574 930 deorum
588 902 683 930 Deum
696 901 764 937 AE;
787 902 868 935 Quae
888 901 1022 928 divorum
1035 898 1131 926 Deum
1143 898 1181 926 D.
1195 911 1235 916 -—
1247 893 1273 931 2,
1289 893 1307 923 2
1321 895 1396 923 fehlt
1407 895 1443 923 E.
1460 909 1494 914 -—

188 941 215 977 3,
233 941 250 969 2
270 942 359 970 Salve
378 940 452 969 fehlt
464 941 495 968 B.
516 954 554 960 ——
573 938 599 975 3,
614 938 632 968 3
653 939 749 973 Salve,
771 939 861 975 dig-na
881 946 957 975 quae
973 936 1016 973 E;
1037 938 1070 963 tu
1084 936 1167 964 fuisti
1181 937 1214 964 Β.
1236 949 1270 954 -
1292 931 1319 968 3,
1334 932 1355 962 4
1368 934 1499 962 salutata

189 980 247 1009 GE.
268 996 306 1001 -
325 980 382 1007 Str.
401 978 421 1006 4
440 978 499 1006 und
519 975 536 1005 5
556 978 724 1014 umgestellt
741 978 778 1006 D.
799 991 837 996 —-
856 974 884 1010 4,
906 974 921 1004 1
942 975 1059 1003 infinita
1077 974 1113 1002 D.
1133 987 1172 993 —-
1190 972 1218 1006 4,
1240 971 1258 1000 2
1277 972 1357 1008 fides,
1379 980 1446 1008 spes
1468 974 1499 999 et

188 1018 249 1046 BE.
270 1033 306 1037 —
325 1016 352 1051 4,
372 1015 392 1044 4
411 1024 519 1044 corona
538 1017 615 1053 regis
629 1017 662 1044 B.
686 1031 724 1036 -—-
744 1014 770 1049 5,
791 1014 807 1042 1
830 1014 918 1042 Salve
938 1014 1023 1049 virgo
1047 1013 1197 1040 fluctuosa
1208 1011 1246 1040 D.
1268 1024 1308 1030 —-—
1327 1009 1354 1045 5,
1374 1008 1393 1038 2
1412 1010 1497 1047 prole

188 1056 230 1090 E;
250 1055 368 1092 prolens
388 1055 431 1089 D3
452 1054 587 1091 speciosa
606 1054 691 1082 ACE.
712 1068 749 1073 ——
770 1052 796 1087 5,
817 1050 835 1082 3
856 1052 972 1088 Sponsa
990 1052 1068 1087 regis
1087 1050 1129 1085 Ε,
1150 1050 1282 1078 formosa
1303 1048 1345 1085 A3
1366 1049 1499 1085 gloriosa

187 1094 224 1121 E.
252 1108 288 1113 -—
315 1092 340 1126 5,
365 1092 385 1120 4
407 1092 483 1121 fehlt
500 1093 541 1127 Α,
566 1092 676 1126 Gaude,
702 1093 797 1129 gaude
816 1091 876 1119 BE.
901 1106 938 1111 ω-
958 1088 985 1125 6,
1012 1089 1027 1116 1
1049 1088 1139 1116 Salve
1166 1096 1244 1123 quae
1262 1090 1296 1115 tu
1316 1088 1358 1122 D3
1385 1086 1497 1121 Gaude,

188 1140 316 1168 namque
333 1133 371 1167 Β,
403 1130 519 1164 Gaude,
542 1130 651 1166 Maria,
678 1138 806 1165 namque
830 1129 866 1156 Ε.
885 1143 923 1148 —-
944 1127 976 1162 6,
999 1125 1017 1154 2
1037 1127 1196 1155 Dominum
1218 1126 1295 1154 caeli
1313 1125 1349 1153 Ε.
1369 1139 1408 1144 -
1431 1123 1458 1159 6,
1478 1123 1496 1153 3

190 1170 312 1198 laudant
330 1169 372 1204 E3
392 1169 489 1205 angeli
509 1169 545 1195 D.
565 1183 604 1188 —
624 1166 650 1204 6,
670 1167 690 1196 4
709 1168 750 1196 Et
769 1168 868 1205 angeli
888 1175 1005 1203 quoque
1025 1165 1123 1193 throni
1137 1165 1178 1200 Α,
1197 1164 1310 1193 Throni
1332 1166 1361 1192 et
1374 1164 1497 1192 archan-

190 1208 249 1244 geli
269 1208 312 1244 D3
332 1209 361 1236 et
380 1216 465 1244 quem
485 1207 583 1234 throni
602 1206 643 1242 Ε,
664 1207 710 1234 die
728 1213 820 1243 ganze
840 1206 897 1234 Str.
919 1202 936 1232 6
957 1204 1051 1233 lautet
1069 1205 1101 1231 in
1123 1202 1158 1231 C:

624 1253 735 1287 Gaude,
754 1255 847 1281 mater
866 1254 912 1280 tui
931 1252 1024 1288 patris

622 1292 664 1319 Et
683 1292 826 1319 salvatrix
845 1291 928 1318 Evae
948 1290 1060 1324 matris,

624 1330 764 1357 Nostrum
783 1336 926 1365 generans
946 1328 1105 1356 Dominum

623 1367 665 1395 Et
684 1367 858 1395 salvatorem
879 1366 1038 1394 hominum.

269 1413 295 1450 7,
312 1413 325 1443 1
342 1415 431 1443 Salve
445 1415 590 1443 caelorum
605 1414 782 1442 dominatrix
793 1414 830 1441 D.
845 1428 881 1433 —
896 1413 921 1448 7,
937 1411 955 1441 3
968 1413 1141 1440 Miserorum
1156 1413 1341 1448 impeuatrix
1355 1415 1385 1440 et
1397 1421 1500 1441 conso-

193 1453 282 1480 latrix
301 1452 337 1481 E.
361 1468 399 1472 —
428 1452 452 1487 7,
474 1452 494 1480 4
512 1454 570 1480 mei
589 1453 755 1480 miseratrix
774 1452 811 1480 D.
832 1466 869 1471 -
888 1449 916 1485 8,
940 1451 954 1478 1
977 1460 993 1478 o
1014 1452 1118 1486 regina
1136 1450 1178 1486 E3
1201 1450 1297 1485 Salve,
1318 1451 1436 1479 domina
1456 1460 1500 1479 re-

194 1492 265 1526 gina
288 1491 325 1518 D.
345 1505 382 1510 ——
402 1489 433 1524 ὃ,
461 1488 479 1518 3
505 1490 551 1518 Ad
570 1490 742 1518 medendum
762 1498 808 1518 me
828 1489 934 1518 festina
951 1490 994 1525 B;
1021 1489 1064 1516 Ad
1087 1488 1287 1517 redimendum
1305 1489 1342 1517 E.
1363 1503 1401 1508 —-
1420 1487 1454 1522 8,
1481 1488 1501 1517 4

197 1529 277 1563 Quae
307 1537 336 1556 es
361 1529 462 1556 mundi
487 1528 633 1556 medicina
651 1528 688 1562 03
709 1528 786 1556 Audi
810 1536 879 1562 nos,
906 1537 922 1556 0
944 1529 1048 1564 regina
1072 1528 1105 1555 B.
1126 1541 1163 1546 ——-
1183 1525 1210 1560 9,
1232 1525 1247 1553 1
1270 1527 1367 1560 Salve,
1388 1529 1422 1555 in
1443 1536 1502 1563 qua

193 1574 308 1602 gemma
339 1567 414 1594 caeli
437 1566 479 1601 Ι),
506 1565 532 1599 9,
558 1564 576 1593 2
600 1565 642 1594 Et
665 1565 763 1594 lumen
788 1566 918 1602 paradisi
945 1566 982 1593 E.
1007 1581 1043 1585 —
1072 1564 1099 1599 9,
1127 1563 1146 1593 3
1175 1565 1341 1594 Afflictibus
1367 1566 1410 1601 Ι),
1437 1574 1501 1594 sae-

195 1603 255 1631 euli
280 1604 346 1635 BD:
373 1604 461 1631 huius
486 1604 586 1631 mundi
611 1603 644 1631 C.
668 1618 705 1622 —
726 1603 753 1635 9,
781 1604 801 1632 4
829 1613 876 1632 me
894 1604 931 1631 Ε.
951 1619 988 1623 -—
1009 1602 1044 1632 10
1066 1603 1209 1632 Matthias
1228 1603 1263 1637 B,
1284 1603 1388 1632 Simon
1406 1604 1445 1632 D.
1463 1619 1500 1624 -—

197 1639 241 1676 10,
263 1641 278 1670 1
298 1643 345 1670 Tu
370 1641 444 1669 fehlt
463 1643 505 1671 D:
529 1641 706 1678 psalmorum
730 1642 894 1678 psalmodia
914 1643 946 1671 B.
973 1657 1010 1661 —
1032 1640 1077 1675 10,
1098 1640 1116 1669 2
1135 1642 1181 1670 Tu
1207 1641 1281 1670 fehlt
1300 1642 1335 1670 E.
1355 1656 1394 1661 -—
1417 1641 1461 1676 10,
1480 1641 1501 1671 4

196 1680 220 1708 O
246 1681 353 1707 civium
376 1680 409 1707 B.
433 1694 472 1699 —-
501 1678 544 1707 11.
571 1680 721 1708 Barnabas
742 1680 779 1708 D.
807 1695 842 1699 —
872 1678 914 1715 11,
946 1679 960 1708 1
982 1680 1085 1715 Salve,
1112 1682 1261 1716 virginum
1282 1681 1324 1717 D3
1351 1682 1502 1717 virginum

195 1719 278 1753 virgo
298 1717 335 1745 E.
355 1732 392 1736 ——
414 1715 456 1751 11,
476 1716 493 1744 2
512 1719 557 1745 Tu
581 1718 702 1746 lucerna
722 1718 788 1754 CD;
813 1718 864 1746 lux
891 1721 920 1746 et
944 1720 996 1746 via
1015 1718 1077 1753 AO3
1105 1718 1155 1746 lex
1179 1726 1251 1746 vera
1275 1718 1328 1746 lux
1355 1721 1385 1747 et
1403 1719 1439 1747 Ε.
1462 1733 1501 1738 ——

198 1754 240 1790 11,
255 1753 273 1783 3
292 1756 338 1783 Tu
357 1756 443 1783 iustis
465 1764 480 1783 ο
500 1756 596 1784 Maria
608 1757 641 1784 B.
661 1771 699 1776 -—
723 1754 767 1789 11,
782 1755 802 1784 4
814 1757 882 1784 Tibi
900 1757 965 1785 laus
987 1759 1017 1784 et
1035 1757 1132 1793 gloria
1150 1756 1185 1783 E.
1206 1770 1245 1775 —-
1267 1755 1311 1784 12.
1331 1756 1502 1785 Matthaeus

196 1794 233 1822 D.
254 1807 290 1812 —·
311 1791 354 1826 12,
377 1791 392 1820 1
414 1792 516 1827 Salve,
538 1793 655 1822 domina
674 1794 711 1822 D.
733 1810 769 1815 —-
790 1793 834 1828 12,
856 1792 873 1822 3
892 1796 938 1823 Tu
958 1794 1050 1823 tutela
1071 1795 1101 1822 C.
1123 1809 1161 1814 -ν
1187 1792 1232 1828 12,
1252 1793 1273 1822 4
1291 1795 1337 1822 Tu
1357 1796 1451 1822 mater
1472 1803 1502 1822 es

196 1831 233 1860 E.
252 1846 290 1852 —
311 1828 354 1864 13,
377 1829 392 1858 1
414 1830 501 1859 Salve
522 1831 595 1859 fehlt
606 1832 723 1869 ABG&
745 1832 839 1860 Simul
854 1842 962 1867 omnes,
981 1833 1137 1861 laudamus
1150 1832 1188 1859 Ε.
1203 1847 1239 1851 -
1254 1829 1298 1865 13,
1313 1830 1331 1859 2
1346 1831 1503 1861 adoramus

197 1869 229 1897 O.
254 1882 290 1888 —
318 1866 362 1902 13,
384 1867 402 1897 3
422 1869 461 1896 At
480 1878 518 1896 ue
543 1870 579 1896 ad
604 1872 634 1898 te
654 1871 693 1904 Β,
720 1870 762 1898 Et
787 1870 823 1898 ad
842 1871 934 1907 teE3
960 1872 1067 1900 Omnes
1088 1870 1126 1898 ad
1144 1873 1175 1897 te
1194 1869 1226 1897 Ο.
1247 1883 1285 1888 —
1305 1867 1350 1904 13,
1371 1868 1392 1897 4
1410 1871 1454 1899 Ut
1474 1874 1505 1900 te

197 1907 259 1936 ΑΕ.
280 1922 317 1926 —
342 1907 426 1935 Naeh
447 1906 462 1934 1
485 1927 491 1940 ,
509 1906 530 1934 4
548 1907 585 1934 In
604 1908 722 1936 saecula
740 1909 923 1937 saeculorum
942 1909 982 1937 D.

273 1946 335 1973 Vor
350 1945 417 1973 dem
429 1945 534 1973 Liede:
554 1944 597 1973 Ut
616 1946 731 1980 dicitur,
751 1947 879 1982 apostoli
898 1948 1100 1980 cantaverunt,
1121 1945 1238 1982 quando
1252 1946 1350 1974 Maria
1369 1948 1505 1976 aseendit

196 1984 229 2012 in
249 1983 369 2017 eaelum,
390 1983 443 2011 hos
463 1991 564 2011 versus
578 1983 612 2011 A.
628 1998 662 2003 ·——
682 1984 717 2011 In
730 1986 846 2012 visione
859 1984 894 2012 de
908 1987 1002 2012 strata
1016 1984 1121 2011 florida
1138 1984 1255 2020 legitur,
1281 1984 1359 2019 quod
1379 1985 1506 2020 quilibet

200 2022 236 2049 de
255 2022 405 2049 duodecim
427 2021 568 2058 apostolis
589 2029 654 2049 cum
673 2023 752 2050 tribu
771 2030 831 2050 una
849 2031 966 2050 versum
986 2022 1172 2059 rigmatieum
1193 2025 1262 2049 ante
1275 2021 1423 2051 dominam
1437 2032 1505 2051 nos-

199 2063 273 2087 tram
293 2060 426 2094 Mariam‚
446 2061 578 2096 reginam
597 2059 672 2086 caeli
693 2063 722 2087 et
739 2063 841 2094 terrae,
862 2060 1044 2088 decantabat.
1064 2060 1097 2088 B.

273 2107 402 2135 Hierauf
417 2107 449 2134 in
469 2106 496 2134 E
515 2106 591 2134 noch
610 2106 773 2142 folgendes:

256 2154 352 2188 Salve,
376 2154 469 2182 duleis
489 2157 582 2181 mater
602 2153 730 2188 Domini,
935 2155 1005 2183 Flos
1025 2157 1183 2191 pratorum,
1205 2164 1221 2183 o
1241 2156 1346 2190 Maria,

256 2193 348 2227 Quem
366 2194 532 2221 venientem
550 2193 689 2228 genuisti,
936 2193 1033 2221 Decus
1054 2194 1164 2228 mundi,
1184 2195 1239 2222 flos
1258 2194 1420 2229 hortorum,

254 2231 332 2259 Eum
351 2239 422 2267 roga
441 2240 493 2267 pro
514 2231 628 2259 delictis
935 2231 1016 2259 Laus
1036 2228 1090 2268 [et]
1110 2232 1205 2260 honor
1224 2232 1404 2268 angelorum,

256 2270 440 2298 Remittendo
460 2269 600 2297 facinora.
937 2268 1086 2298 Solaeium
1105 2271 1323 2299 tribulatorum.

278 2318 381 2345 Dann:
401 2319 472 2352 Ave,
495 2318 578 2354 virgo
599 2318 739 2353 speciosa,
762 2315 869 2344 clarior
889 2317 1035 2346 sideribus
1056 2319 1114 2354 ete;
1136 2318 1246 2346 fremde
1265 2317 1464 2356 Entlehnung.
