1651 2606
644 76 689 82 —-
739 56 808 91 202
856 74 902 80 —-

430 149 494 183 193.
529 151 573 182 De
592 149 647 180 VII
668 147 792 180 Gaudiis
814 146 1002 178 caelestibus
1021 145 1109 177 BliiV.

482 221 512 254 1.
539 221 563 253 Ο
589 219 693 251 Maria
716 218 814 259 virgo,
841 217 954 257 gaude,

538 269 586 300 Tu
613 274 645 297 es
669 265 764 305 digna
788 265 872 295 omni
897 264 1002 304 laude,

142 327 172 359 2.
199 325 278 364 Quia
302 334 360 366 per
379 327 412 356 te
435 324 616 364 angelorum

200 373 321 405 Chorus
345 373 462 413 gaudet
486 373 517 402 et
541 372 722 402 sanctorum

247 419 383 452 Perenni
408 418 539 461 laetitia,

200 467 281 506 Quos
306 466 472 506 praecellis
498 473 660 505 generosa,

199 514 301 555 Super
326 522 431 546 omnes
456 512 602 553 gloriosa,
877 513 1023 545 Paradisi
1046 513 1144 545 laude
1167 514 1265 553 plena

246 561 383 601 Speciah'
407 560 517 601 gloria.
922 559 1078 593 Transfer
1102 561 1165 592 tuis
1190 561 1349 601 precibus.

140 621 170 653 3.
197 617 319 657 Gaude,
345 627 477 658 gemma,
501 617 653 658 templum
674 616 745 659 Dei,
817 617 848 650 7.
876 616 997 659 Gaude,
1023 627 1104 662 rosa,
1132 619 1283 657 princeps
1304 616 1426 649 florum.

197 666 259 698 Per
283 674 373 704 quam
399 665 485 697 lucet
509 665 564 697 lux
590 664 655 696 diei
875 664 978 705 Super
1003 665 1115 698 choros
1140 664 1323 707 angelorum

247 712 329 745 Solis
356 713 397 745 de
420 713 612 752 praesentia,
923 712 1078 744 Gloriosis
1101 713 1250 746 laudibus

199 759 263 792 Per
286 762 319 791 te
343 760 442 799 magis
465 760 654 798 illustratur,
874 759 1026 792 Exaltata
1050 760 1245 803 iucundariS,

198 808 363 839 Illustrata
387 807 576 839 iucundatur
875 806 1026 839 Trinitati
1050 808 1181 840 sociaris

245 856 325 887 Tota
352 855 430 886 caeli
456 855 552 887 curia.
920 854 964 886 Et
989 858 1170 888 sanctorum
1196 855 1330 888 civibus.

139 914 171 946 4.
198 911 319 951 Gaude,
344 912 467 951 lampas
492 911 701 954 saeculorum,
816 913 848 944 8.
876 912 998 950 Gaude,
1024 913 1110 945 cuius
1131 922 1194 944 non
1219 914 1390 945 marcescit.

200 958 256 991 Cui
282 960 395 998 parent
420 967 627 999 supernorum
874 961 959 993 Laus
986 961 1018 991 et
1042 960 1151 1001 honor,
1178 970 1240 993 non
1264 961 1420 993 decrescit

245 1007 359 1039 Omnes
385 1006 468 1038 cives
496 1007 611 1050 curiae,
925 1006 1120 1040 Gaudiorum
1145 1008 1307 1049 gaudium,

199 1054 328 1086 Vultum
354 1057 441 1085 tuum
468 1055 685 1098 deprecantes,
874 1054 942 1087 Iam
968 1063 1079 1086 secure
1103 1055 1297 1095 iucundaris,

199 1101 372 1140 Tamquam
396 1104 529 1133 matrem
557 1103 746 1135 venerantes
874 1103 989 1135 Iuncta
1014 1103 1139 1135 Christo
1165 1103 1312 1144 gloriaris

246 1148 300 1180 Sui
325 1148 408 1189 regis
432 1148 560 1189 gloriae.
924 1149 1026 1191 Super
1051 1150 1140 1191 regni
1162 1150 1285 1185 solium.

143 1208 174 1239 5.
202 1205 322 1244 Gaude,
350 1205 430 1237 cella
455 1204 555 1237 fluens
579 1206 681 1245 melle,
818 1207 850 1240 9.
877 1207 970 1239 Omni
995 1207 1100 1248 laude,
1127 1211 1238 1249 mater,
1266 1209 1370 1249 digna,

202 1253 296 1285 Cuius
322 1256 428 1285 votum
455 1253 572 1285 Christi
598 1254 681 1285 velle
877 1254 924 1286 Te
947 1254 1094 1286 laudanti
1119 1255 1162 1287 sis
1188 1256 1326 1297 benigna

248 1300 386 1333 Sociavit
411 1303 545 1340 caritas3
919 1301 957 1333 In
982 1302 1042 1334 hac
1066 1303 1133 1334 vita
1156 1304 1283 1346 misera,

201 1348 360 1387 Quidquid
381 1351 454 1379 tuae
476 1348 598 1387 pietati,
875 1349 1070 1388 Imperatrix
1094 1350 1246 1388 virtuosa,

199 1395 310 1427 Placet
333 1397 462 1426 sanctae
484 1394 631 1434 trinitati,
878 1396 1078 1429 consolatrix
1102 1398 1272 1439 viscerosa,

248 1443 273 1475 O
297 1451 379 1481 pura
402 1442 577 1482 virginitas
924 1442 991 1475 Nos
1016 1453 1036 1475 a
1058 1445 1150 1477 malis
1173 1446 1288 1486 libera,

481 1499 534 1531 10.
562 1499 606 1531 Et
631 1507 700 1531 cum
727 1499 794 1531 dics
820 1500 882 1531 erit
904 1500 981 1543 irae,

561 1547 628 1578 Fac
650 1549 809 1579 tormenta
828 1557 891 1579 non
916 1549 1036 1580 sentire

607 1593 697 1625 Haec
721 1595 859 1626 colentes
884 1596 1010 1636 gaudia,

562 1641 609 1674 Ut
630 1650 689 1673 nos
712 1644 817 1674 tecum
841 1643 1022 1683 gloriemur,

561 1688 635 1720 Sine
660 1688 722 1721 fine
747 1691 951 1722 collaetemur

608 1737 647 1768 In
673 1737 803 1769 caelesti
826 1739 941 1778 patria.

819 323 851 355 6.
880 321 1001 363 Gaude,
1029 322 1127 363 virgo,
1155 330 1236 362 quae
1262 323 1394 354 decoras

875 369 959 402 Tuos
983 378 1093 402 servos
1120 372 1152 401 et
1175 370 1312 402 honoras

921 417 986 449 Hic
1010 422 1042 449 et
1065 418 1098 450 in
1125 417 1324 458 caelestibus,

876 464 942 497 Nos
970 474 1040 497 cum
1064 465 1144 505 ipsis
1170 465 1212 498 ad
1237 474 1368 498 amoena

204 1801 283 1828 Orat.
304 1809 356 1827 ms.
373 1801 506 1829 Oai-thus.
522 1802 752 1830 Hildesheimen.
776 1812 851 1831 saec.
874 1803 918 1832 15.
949 1805 1019 1833 Cod.
1032 1806 1184 1843 Iosephini
1199 1808 1428 1838 Hildesheiuwn.

130 1836 206 1872 3(6).
226 1838 260 1866 A.
282 1852 319 1857 -—
340 1838 419 1866 Orat.
439 1848 491 1867 ms.
513 1841 646 1868 carthus.
665 1840 829 1869 Erfordien.
849 1851 925 1871 saec.
942 1842 984 1871 15.
1004 1843 1230 1881 (Privatbesitzj.
1251 1848 1284 1875 Β.
1304 1862 1343 1867 ——-
1362 1847 1390 1883 4,
1414 1849 1429 1877 1

128 1877 239 1913 lampas
265 1879 430 1905 sanctorum
458 1878 493 1905 A.
520 1893 556 1897 —
583 1877 608 1912 5,
634 1877 652 1905 2
677 1879 763 1907 stella
787 1880 879 1908 fluens
904 1882 938 1910 A.
964 1896 1002 1901 —
1033 1881 1058 1917 7,
1081 1882 1098 1910 6
1118 1888 1285 1914 sanctoruni
1307 1887 1428 1916 milibus

131 1916 160 1945 Β.
185 1931 221 1935 ⁷-
243 1913 285 1950 10,
310 1913 324 1941 1
348 1915 391 1943 Ut
408 1924 472 1943 cum
488 1916 522 1944 A.
547 1931 585 1935 —
607 1914 649 1951 10,
670 1916 688 1945 5
708 1918 883 1946 collocemur
902 1920 937 1948 A.

435 2018 498 2048 194.
532 2018 574 2049 De
593 2017 649 2050 XV
670 2019 794 2051 Gaudiis
815 2021 1001 2054 caelestibus
1021 2023 1107 2056 mlv.

412 2088 479 2119 Iam
505 2089 660 2121 translata
684 2090 776 2134 polis,
804 2093 926 2125 aeterni
951 2095 1065 2127 cellula
1090 2097 1176 2140 solis,

408 2134 532 2167 Gaudia
556 2137 715 2176 quindena
737 2138 795 2170 tibi
821 2139 937 2178 debita,
963 2143 1053 2184 virgo
1079 2154 1202 2186 serena,

408 2183 540 2224 Suscipe
564 2187 668 2216 mente
689 2185 752 2228 pia,
781 2187 859 2219 caeli
882 2189 992 2229 regina
1011 2191 1127 2226 Maria„

145 2239 174 2271 1.
202 2238 324 2281 Gaude,
352 2240 439 2273 clara
463 2241 557 2273 stella
577 2242 683 2281 maris,

201 2286 286 2325 Quae
310 2287 367 2320 sub
392 2291 467 2321 nato
490 2289 681 2331 principaris

247 2334 432 2368 Sanctorum
459 2337 608 2378 collegi03

878 2245 998 2292 Gaude,
1027 2253 1129 2283 mater
1153 2252 1334 2296 singularis,

878 2295 976 2334 Virgo
1001 2305 1127 2338 semper
1150 2308 1231 2339 quae
1253 2301 1400 2341 probaris

924 2342 1008 2376 Miro
1033 2346 1211 2387 privilegio.
