1651 2606
644 42 689 49 --
739 19 808 57 200
858 42 901 48 -—

427 118 490 152 190.
522 119 565 150 De
583 116 639 149 VH
660 114 787 149 Gaudiis
809 112 999 147 caelestibus
1021 109 1110 144 ΒΜ.

128 210 160 245 1.
186 209 308 250 Gaude,
333 212 437 242 mater
463 209 527 241 divi
550 207 628 246 nati,
804 205 837 237 5.
864 202 987 242 Gaude,
1014 203 1089 242 quia
1109 201 1197 234 Deus
1221 203 1286 234 tuis

232 257 308 290 Sola
330 258 403 297 plus
427 255 547 288 habens
571 253 701 294 gloriae,
907 250 972 283 Hic
997 250 1121 283 devotis
1146 250 1204 282 dat
1224 248 1413 292 mercedem,

185 305 284 345 Quam
307 303 434 337 insimul
458 301 589 335 adunati
862 298 961 332 Prout
984 300 1088 338 optas,
1114 300 1148 330 et
1170 297 1204 330 iu
1229 297 1336 336 caelis,

233 352 325 385 Cives
349 358 506 390 supernae
528 348 664 389 patriae.
908 347 1007 386 Quam
1023 348 1060 378 tu
1075 346 1173 387 voles,
1192 345 1282 377 dabit
1294 344 1420 378 sedem.

129 420 161 453 2.
187 418 306 457 Gaude,
333 416 407 457 quia
430 415 643 455 perlustratur
804 416 835 447 6,
863 412 984 452 Gaude,
1000 422 1072 446 nam
1086 413 1129 445 ad
1143 413 1288 445 dextram
1301 411 1420 444 Christi

236 465 362 498 Caelum
387 466 442 495 tua
462 463 638 502 maiestate,
910 460 1040 493 Throno
1065 461 1179 493 sedens
1202 460 1237 492 iu
1261 459 1363 500 regali

188 513 277 545 Sicut
301 513 385 543 totus
408 510 553 543 radiatur
864 508 909 542 Es
932 509 1114 549 propinqua
1138 507 1288 547 trinitati,

230 560 371 591 Mundus
394 558 470 590 solis
497 558 650 590 claritate.
913 556 1019 589 Carne
1043 556 1169 596 pollens
1194 555 1378 589 immortali.

127 627 159 660 3.
187 625 306 669 Gaude,
334 626 408 665 quia
432 625 535 657 saneti
560 632 667 656 omnes
809 625 839 656 ¹7.
867 622 989 662 Gaude,
1016 623 1090 663 quia
1113 623 1175 655 iam
1201 631 1312 655 secura

209 674 315 713 Atque
341 672 426 705 beati
450 671 582 712 spiritus
913 670 964 703 De
988 673 1052 702 tam
1077 670 1229 702 immensa
1255 670 1366 711 gloria,

185 720 268 752 Tuas
289 719 423 761 implent
445 719 599 753 iussiones
865 719 905 751 In
929 721 1094 751 aeternum
1117 718 1267 750 habitura

233 767 342 807 Teque
362 768 522 800 honorant
546 766 686 801 caelitus
913 765 960 798 Es
985 765 1111 798 infinita
1135 765 1262 805 gaudia.

128 835 159 868 4.
188 833 308 873 Gaude,
335 834 408 874 quia
433 833 492 866 tibi
517 836 610 874 paret
808 834 839 868 8.
867 833 953 873 Quae
979 835 1011 864 et
1035 831 1126 864 nobis
1153 832 1327 872 impetrare

234 882 413 922 Imperator
437 882 631 922 angelorum,
915 879 1075 923 Digneris,
1104 889 1122 912 0
1148 880 1238 920 virgo
1261 879 1326 920 pia,

191 929 298 967 Omne,
327 929 411 970 quod
437 929 494 969 vis,
530 931 562 960 et
586 928 742 969 adimplet
872 928 932 961 Vel
956 928 1115 959 modicum
1143 927 1313 968 degustare

238 977 324 1009 Tuus
348 978 451 1016 natus,
476 985 533 1008 rex
559 976 728 1009 caelorum.
918 975 969 1007 De
995 975 1054 1007 hac
1078 978 1135 1007 tua
1158 975 1293 1010 laetitia.

197 1038 278 1070 offic.
300 1041 392 1070 BMV.
413 1042 483 1077 imp.
504 1042 537 1068 in
557 1041 660 1069 Castro
678 1041 777 1068 Lauro
799 1048 875 1068 anno
898 1038 979 1069 1503.

434 1189 489 1222 191.
522 1189 565 1220 De
584 1189 642 1222 VII
661 1187 787 1221 Gaudfis
810 1188 1001 1222 caelestibus
1021 1189 1109 1222 BMV.

136 1280 166 1312 1.
195 1277 317 1318 Gaude,
343 1278 405 1311 Dei
430 1280 583 1321 genetrix,
815 1280 846 1312 5.
874 1279 996 1321 Gaude,
1024 1280 1105 1324 quia,
1134 1280 1217 1313 sicut
1241 1282 1299 1321 vis,

241 1334 321 1367 quae
345 1334 477 1366 superas
502 1335 609 1359 omnes
921 1327 974 1359 hic
999 1332 1031 1359 et
1055 1328 1089 1360 in
1114 1327 1221 1360 futuro

195 1372 367 1414 Dignitatis
393 1373 496 1414 gloria
873 1373 988 1407 Servos
1014 1377 1084 1406 tuos
1109 1380 1255 1408 munerat

240 1421 385 1460 paradisi
410 1421 505 1453 cives.
920 1422 1009 1454 Iesus
1036 1423 1134 1455 corde
1154 1432 1245 1463 puro.

137 1479 168 1510 2.
195 1476 316 1519 Gaude,
343 1477 417 1518 quia
440 1477 523 1509 sicut
547 1477 595 1509 sol
815 1479 846 1511 6.
874 1477 986 1511 Gaude
1011 1478 1188 1519 glorificato

240 1524 399 1557 illuminat
421 1524 582 1564 mundum,
922 1534 1055 1566 corpore
1080 1528 1206 1569 amicta,

195 1572 245 1604 Ita
269 1574 324 1604 tua
349 1572 476 1604 claritas
873 1573 1024 1606 Trinitati
1049 1576 1196 1615 proxima

242 1619 403 1652 illuminat
428 1620 558 1653 caelum.
922 1622 1110 1655 caelestibus
1135 1623 1206 1658 sita.

137 1678 168 1710 3.
197 1674 317 1716 Gaude,
347 1676 457 1708 mundi
478 1677 589 1717 gloria,
816 1678 847 1712 7.
874 1677 996 1720 Gaude,
1023 1680 1098 1720 quia
1121 1680 1239 1721 gaudia

243 1724 353 1763 regina
377 1724 544 1764 caelorum,
920 1726 1000 1758 haec
1023 1730 1095 1760 sunt
1120 1729 1325 1769 sempiterna,

194 1771 292 1810 Quam
316 1771 447 1803 laudant
472 1771 505 1803 in
530 1772 653 1811 superis
873 1774 991 1814 Quibus
1015 1776 1145 1817 gaudes,
1168 1776 1284 1818 Maria,

244 1821 349 1849 coetus
374 1818 546 1852 beatorum.
922 1822 1025 1861 gloria
1050 1832 1198 1863 superna.

139 1878 171 1909 4.
199 1874 321 1916 Gaude,
348 1875 399 1908 cui
425 1884 494 1907 cum
519 1875 587 1908 Deo
818 1879 848 1912 8.
875 1878 936 1918 Qui
961 1879 1001 1911 de
1022 1881 1085 1912 tuis
1110 1881 1235 1921 gaudiis

245 1925 292 1954 est
315 1931 377 1955 una
403 1923 558 1963 voluntas,
919 1927 1091 1966 gaudemus
1115 1928 1149 1961 in
1171 1930 1299 1970 mundo,

200 1971 259 2010 Qui
282 1970 420 2002 libenter
445 1972 575 2003 exaudit
877 1974 1049 2007 praesenta
1073 1985 1130 2008 nos
1156 1975 1222 2010 filio

245 2026 357 2058 preces
379 2020 450 2050 tuas
476 2021 613 2053 cunctas.
922 2018 1018 2066 [eum]
1044 2024 1141 2056 corde
1164 2023 1312 2060 iucundo.

205 2084 284 2111 Orat.
305 2091 358 2110 ms.
380 2082 610 2111 Caelestinorum
629 2092 705 2112 saec.
728 2083 771 2113 15.
803 2085 872 2113 God.
892 2086 1037 2116 Parisien.
1059 2086 1164 2118 18571.
1185 2091 1221 2119 A.
1241 2106 1279 2111 -—-
1300 2092 1430 2128 Septem-

128 2121 239 2185 {licata
263 2124 373 2157 septem
398 2121 508 2158 gaudia
533 2123 602 2157 imp.
627 2131 650 2150 s.
670 2122 690 2151 1.
711 2124 741 2151 et
759 2132 784 2151 a.
805 2126 838 2152 Β.
861 2139 896 2143 -
919 2123 942 2161 1,
961 2123 979 2154 3
1000 2127 1153 2163 Dignitate
1173 2132 1202 2157 et
1220 2129 1319 2165 gloria
1339 2131 1373 2158 B.
1393 2144 1431 2149 -

128 2160 136 2170 ³
149 2179 155 2191 ,
176 2157 195 2186 2
214 2159 355 2187 laetificat
373 2159 406 2187 B.
429 2174 464 2179 —
484 2157 511 2195 2,
532 2158 553 2187 4
568 2160 711 2189 laetificat
728 2161 762 2189 B.
781 2177 818 2182 -—
838 2160 864 2197 3,
886 2160 903 2191 3
919 2164 1014 2198 Quam
1032 2165 1203 2195 collaudant
1215 2168 1335 2205 agmina
1350 2169 1382 2196 B.
1394 2182 1431 2187 ——

129 2195 156 2230 3,
176 2196 196 2225 4
222 2206 309 2233 super
328 2200 428 2227 coetus
447 2198 481 2225 B.
500 2212 539 2218 —m
557 2198 585 2231 4,
605 2197 624 2226 2
643 2201 689 2227 est
707 2200 764 2228 tibi
781 2209 842 2228 una
862 2201 895 2229 B.
916 2217 955 2222 -——
973 2201 1000 2238 4,
1021 2201 1039 2231 3
1057 2203 1101 2232 Et
1117 2205 1182 2240 ipse
1203 2206 1323 2235 exaudit
1340 2207 1376 2234 B.
1395 2221 1431 2227 —·

129 2234 154 2268 5,
183 2234 203 2263 4
228 2236 307 2264 Deus
327 2236 360 2264 B.
382 2251 417 2256 —
439 2237 495 2264 Str.
516 2234 534 2265 8
553 2237 626 2265 fehlt
644 2238 679 2265 A.
700 2253 735 2258 --
756 2237 781 2267 B
801 2239 853 2267 hat
871 2240 1006 2278 folgende
1025 2243 1119 2271 Note:
1154 2245 1295 2283 „Legitur
1314 2246 1433 2273 beatam

128 2275 272 2310 virginem
290 2275 416 2303 Mariam
436 2275 509 2303 haec
528 2277 638 2312 septem
656 2276 766 2314 gaudia
784 2278 931 2307 revelasse
953 2281 1070 2309 cuidam
1094 2282 1200 2311 devoto
1226 2285 1256 2310 et
1274 2285 1308 2311 ut
1330 2292 1365 2312 ea
1384 2292 1431 2312 <20⁶

128 2313 199 2340 tidie
219 2312 329 2341 diceret
343 2311 518 2342 monuisse.“
