1651 2606
655 131 890 167 ...94—

458 229 501 262 74.
537 229 579 260 De
602 226 711 259 sancta
732 224 825 256 Gruce
845 222 946 256 oratio
968 222 1088 255 devota.

137 289 167 321 1.
195 288 219 321 O
247 298 322 321 crux
346 293 456 322 sancta
480 293 512 321 et
535 288 710 329 praeclara,

194 335 289 369 Cuius
315 337 458 370 Christus
480 341 527 369 est
550 337 583 368 in
609 344 664 367 ara

242 383 428 424 Suspensus,
454 386 489 415 ut
514 385 638 415 erueret

195 430 261 463 Nos
286 441 305 463 a
328 434 429 463 morte
454 430 606 462 aeternali

194 477 238 509 Et
261 488 281 510 a
306 487 425 510 summa
449 478 549 509 omnis
574 476 659 516 mali,

239 525 283 558 Ut
308 533 415 558 omnes
440 532 496 555 nos
521 524 694 563 imbueret3

193 571 348 610 Quantum
372 572 475 612 ipsum
499 572 655 603 honorare

194 618 372 651 Debeamus
398 621 429 649 et
453 627 569 659 amare,

239 666 298 706 Qui
321 674 439 707 poenas
461 669 585 698 nostras
610 665 727 697 lueret!

138 730 168 755 ·.
196 722 220 755 Ο
249 731 325 754 crux
349 723 443 755 nimis
469 723 616 764 gloriosa,

193 768 318 802 Nobilis
344 773 376 802 et
395 771 547 812 pretiosa,

237 818 276 849 In
301 826 362 858 qua
386 818 497 850 mortis
523 818 712 859 supplicium

193 863 313 904 Sponte
336 865 423 897 Deus
449 867 497 898 est
521 875 702 908 perpessus,

192 910 311 944 Factus
335 921 414 952 prae
438 913 603 945 tormentis
628 912 741 952 fessus,

241 959 369 991 Amoris
395 960 474 992 dans
499 961 670 1001 indicium3

192 1004 230 1037 In
255 1008 287 1037 te
312 1015 456 1047 pugnans
480 1007 688 1048 triumphavit

193 1051 239 1084 Et
261 1062 320 1093 per
343 1056 375 1085 te
398 1062 456 1085 nos
481 1055 644 1095 reparavit

241 1100 398 1133 Iustorum
424 1109 496 1142 spes
520 1102 653 1134 initium.

162 1181 168 1189 .
196 1155 219 1187 O
248 1165 323 1188 crux
350 1157 467 1190 Christi
497 1159 653 1201 dedicata,

192 1202 255 1235 Per
278 1212 420 1236 eruorem
446 1207 478 1235 et
501 1208 625 1238 sacrata

240 1250 423 1292 Effectaque
446 1253 642 1291 praeclarior

196 1297 287 1329 Omni
311 1298 373 1330 Dei
398 1301 551 1343 creatura,

196 1344 232 1376 In
260 1348 292 1376 te
317 1346 411 1378 solvit
435 1347 545 1378 mortis
566 1347 646 1387 iura,

243 1392 302 1431 Qui
327 1396 375 1424 est
395 1402 473 1433 prae
492 1394 611 1425 cunctis
629 1394 741 1436 carior,

199 1438 287 1470 Iesus
314 1440 466 1477 Christus,
492 1444 585 1473 natus
610 1441 711 1480 patris

199 1484 360 1526 Simulque
385 1487 509 1519 Mariae
531 1488 651 1528 matris,

246 1532 314 1564 Nec
337 1543 421 1565 mors
447 1537 496 1566 est
520 1535 580 1567 hac
596 1535 743 1569 amarior.

166 1613 173 1622 .
200 1588 224 1620 Ο
253 1598 329 1621 crux
354 1591 487 1622 rutilans
513 1592 625 1631 nitore,

196 1634 291 1668 Suavi
315 1638 440 1676 spirans
467 1646 505 1670 ex
530 1639 636 1682 odore,

244 1684 325 1716 Prae
350 1685 416 1716 sole
440 1685 709 1726 splendidissima,

197 1730 320 1763 Poenas
346 1732 462 1764 sanctis
487 1732 637 1775 faciebas,

197 1777 300 1810 Leves
325 1788 497 1819 suavesque
521 1780 690 1820 reddebas,

246 1826 434 1858 Amantibus
460 1827 651 1870 dulcissima,

200 1871 236 1903 In
264 1876 296 1904 te
319 1873 405 1905 salus
428 1875 620 1914 pependisse

201 1917 320 1952 Nostra
344 1921 443 1952 scitur
468 1925 500 1953 et
521 1922 626 1954 obisse

245 1967 289 1998 Et
312 1968 377 1999 vita
400 1969 637 2003 iucundissima.

165 2046 173 2054 .
199 2022 224 2055 Ο
251 2032 340 2066 crux,
365 2027 474 2057 nostra
498 2027 591 2070 salus,
619 2035 688 2067 ave,

199 2069 245 2102 Te
268 2080 423 2112 rogamus,
449 2075 484 2103 ut
508 2083 564 2105 nos
586 2083 604 2105 a
629 2082 687 2105 vae

245 2118 297 2150 Ab
323 2120 470 2160 omnique
493 2121 657 2161 prurigine

201 2164 355 2198 Vitiorum
381 2176 602 2201 conservemur

197 2211 241 2244 Et
265 2222 324 2253 per
347 2217 380 2246 te
403 2224 474 2246 mox
498 2216 669 2248 liberemur

246 2261 387 2294 Aeterna
411 2272 431 2294 a
448 2264 601 2305 caligine,

200 2306 314 2349 Sicque
338 2310 420 2350 ignis
448 2311 590 2343 caritatis

200 2354 246 2387 Te
270 2361 384 2398 agente
408 2359 576 2398 pravitatis

246 2403 311 2437 Nos
333 2408 450 2447 purget
474 2415 494 2439 a
518 2406 672 2448 rubigine.

812 286 843 318 6.

808 2028 861 2067 10,

868 285 893 316 Ο
921 293 1008 324 crux,
1036 293 1117 324 quae
1138 292 1171 315 es
1188 283 1308 324 lignum
1326 283 1420 326 vitae,

870 332 908 365 In
933 340 996 371 qua
1021 339 1135 371 eorpus
1162 331 1281 363 Christi
1305 331 1382 362 mite

920 379 1078 418 Pependit
1102 378 1195 410 nimis
1221 378 1413 421 squalidum,

873 426 1045 458 Torridum
1069 428 1100 458 et
1125 425 1338 468 macilentum,

870 473 1075 506 Denudatum
1101 477 1132 505 et
1157 475 1332 516 cruentum,

916 522 1104 561 Quassatam
1129 522 1225 561 atque
1253 520 1420 560 pallidum,

869 569 906 601 In
932 572 965 599 te
989 577 1088 608 agnus
1113 577 1148 600 se
1173 576 1243 599 cum
1265 565 1344 600 fletu

871 616 993 649 Obtulit
1017 625 1076 656 pro
1102 625 1157 648 suo
1184 618 1275 647 coetu

920 663 1095 696 Clamorem
1104 664 1182 695 dans
1189 662 1332 703 praevali
1338 663 1421 695 dum.

838 746 845 754 .
873 723 897 756 Ο
926 731 1013 761 crux,
1038 722 1157 762 lignum
1182 719 1386 761 triumphale,

869 771 952 803 Esse
978 769 1098 802 donans
1125 768 1305 801 immortale

917 817 961 849 Et
984 817 1017 848 in
1042 820 1074 849 te
1099 815 1317 858 gloriantibus,

872 865 991 898 Contra
1015 863 1123 896 hostes
1149 872 1182 895 es
1206 862 1366 895 munimen

870 913 915 945 Et
937 912 970 943 in
996 911 1140 944 omnibus
1165 909 1326 951 fulcimen,

917 959 983 991 Fer
1008 967 1081 1000 ergo
1107 957 1362 998 supplicantibus

871 1007 971 1047 Opem
995 1007 1087 1039 nobis
1112 1006 1285 1037 salutarem

869 1054 915 1086 Et
940 1054 1119 1087 mercedem
1144 1052 1264 1084 sanctis
1288 1061 1398 1091 parem

916 1101 953 1133 In
979 1102 1067 1133 caelo
1091 1101 1155 1132 iam
1180 1100 1397 1140 regnantibus.

838 1187 845 1193 ,
873 1158 897 1191 Ο
925 1166 1013 1196 eruX,
1039 1157 1135 1190 arbor
1159 1156 1367 1199 praedecora,

871 1205 940 1243 Eia,
968 1205 1058 1238 salva
1083 1205 1151 1236 sine
1174 1213 1264 1235 mora

917 1252 968 1284 Ab
995 1252 1139 1284 omnibus
1165 1251 1299 1291 piaculis

869 1300 957 1342 Illos,
985 1299 1038 1339 qui
1062 1300 1095 1332 in
1120 1302 1153 1331 te
1178 1297 1341 1331 confidunt

869 1347 913 1379 Et
937 1355 1014 1386 quos
1039 1347 1208 1379 daemones
1234 1345 1359 1378 elidunt

917 1394 1173 1433 Temptationum
1197 1393 1322 1435 iaculis,

870 1441 915 1473 Et
939 1439 991 1472 fac
1014 1442 1101 1481 ipsos
1127 1440 1257 1481 gloriari

871 1488 909 1520 In
935 1491 967 1519 te
992 1496 1118 1528 semper
1143 1490 1175 1519 et
1199 1487 1348 1520 mundari

919 1536 949 1567 A
968 1538 1172 1576 peccatorum
1196 1534 1339 1569 maculis.

840 1617 847 1624 .
874 1591 899 1624 Ο
927 1600 1014 1631 crux,
1039 1592 1135 1633 digna
1159 1591 1316 1633 venerari,

872 1639 971 1671 Immo
998 1639 1093 1680 digna
1118 1639 1258 1680 adorari,

920 1686 1003 1718 Nam
1027 1687 1065 1729 is,
1093 1688 1147 1727 qui
1173 1687 1267 1727 culpa
1285 1687 1398 1727 caruit,

873 1733 946 1765 Tibi
973 1734 1062 1766 dedit
1086 1734 1168 1767 hanc
1192 1734 1353 1778 virtutem,

874 1780 975 1813 Nobis
1002 1782 1095 1814 dares
1118 1784 1155 1813 ut
1178 1781 1314 1813 salutem

923 1829 985 1860 Per
1008 1828 1107 1870 illum,
1137 1829 1225 1861 cuius
1250 1830 1336 1861 aruit

874 1877 912 1908 In
938 1879 970 1907 te
995 1876 1107 1917 virtus,
1134 1876 1262 1916 quando
1287 1878 1381 1909 matri

874 1922 1102 1956 Valefaciendo
1127 1924 1212 1963 patri

922 1971 975 2003 Ad
1005 1974 1140 2004 mortem
1164 1980 1263 2011 usque
1286 1973 1404 2012 paruit.

877 2029 902 2061 O
930 2037 1016 2068 crux,
1045 2029 1132 2060 cuius
1156 2028 1190 2059 in
1215 2028 1335 2062 honore

877 2076 992 2108 Omnes
1018 2076 1157 2115 gaudent
1183 2084 1253 2108 cum
1279 2085 1397 2120 amore,

924 2124 1024 2163 Quam
1047 2126 1159 2156 auctor
1184 2124 1270 2156 vitae
1293 2126 1397 2158 voluit

875 2170 957 2203 Esse
981 2173 1091 2204 tantae
1116 2171 1292 2212 dignitatis,

877 2218 967 2258 Quod
993 2228 1066 2259 spes
1087 2225 1172 2252 esset
1197 2219 1376 2259 desperatis

922 2266 967 2298 Et
991 2266 1111 2308 absque
1135 2270 1168 2298 te
1192 2275 1250 2298 nos
1275 2269 1376 2303 noluit

876 2313 1031 2347 Liberare
1056 2325 1114 2347 rex
1139 2314 1294 2356 sublimis,

877 2362 1043 2403 Patetque,
1066 2362 1151 2404 quod
1167 2364 1298 2396 nostrae
1315 2366 1410 2398 nimis

924 2409 1078 2443 Miseriae
1104 2409 1277 2443 condoluit.
