1653 2608
152 179 210 211 20.

152 573 208 608 21.

151 968 208 1000 22.

152 1360 208 1393 23.

149 1849 179 1883 1.

147 2249 177 2281 2.

676 86 931 122 -191—

236 180 286 212 Tu
311 180 522 223 Theophilum
547 183 602 223 pie

284 228 401 261 Inferis
428 230 624 263 abstractum

235 275 431 309 Reformasti
456 279 587 321 gratiae,

283 324 424 357 Irritasti
451 329 590 368 pactum,

234 372 409 405 Auctorem
434 375 577 407 malitiae

282 420 373 453 Inter
399 424 430 453 et
454 423 558 464 ipsum
585 421 714 463 factum,

236 468 389 501 Reddens
415 470 474 501 sub
499 478 559 509 spe
577 471 691 503 veniae

285 517 540 559 chirographum
567 520 682 552 actum.

234 574 284 606 Tu
308 577 399 607 tuum
423 575 579 607 Basilium

282 623 463 655 Attendens
488 626 653 663 rogantem

233 670 298 702 Per
323 671 481 711 quendam
506 670 702 704 Mercurium

282 718 357 750 Tibi
381 719 571 751 milit-antem

235 766 395 798 Iulianum
419 767 562 808 impium,

282 815 475 854 Apostatam
499 817 695 855 regnantem,

236 861 284 893 Te
308 865 460 902 tuumque
484 862 585 895 filium

283 910 398 943 Perdis
423 910 708 951 blasphemantem.

235 967 270 999 Si
294 970 350 999 tua
375 970 491 999 cuncta
514 976 632 1006 quaero

285 1015 372 1047 Mira
395 1018 605 1056 pertractare,

235 1063 277 1095 Ei
302 1062 414 1094 similis
441 1071 506 1101 ero,

284 1110 342 1149 Qui
367 1109 442 1141 litus
470 1110 538 1142 vult
563 1119 665 1150 arare,

235 1158 269 1190 Si
297 1159 420 1198 linguas
446 1157 586 1190 habuero

282 1206 345 1238 Tot
369 1207 405 1236 ut
429 1208 535 1246 guttas
560 1215 658 1246 mare,

234 1253 404 1294 Nunquam
430 1256 537 1285 tamen
562 1257 674 1294 potero

281 1301 331 1333 Ea
354 1309 559 1341 pernarrare.

233 1359 332 1400 Ergo,
359 1361 462 1390 mater
486 1359 618 1402 gratiae,

282 1407 403 1438 Parens
428 1406 568 1446 pietatis,

233 1454 319 1486 Fons
344 1453 593 1497 misericordiae,

281 1502 382 1535 Simul
409 1502 562 1543 caritatiS‚

233 1551 348 1583 Oculos
375 1550 511 1583 eximiae

280 1599 369 1630 Tuae
393 1597 547 1631 bonitatis

233 1646 287 1687 Ad
312 1654 402 1678 meae
426 1645 574 1678 miseriae

282 1694 406 1726 Statum
432 1697 522 1726 verte
546 1693 656 1734 gratis.

209 1847 331 1887 Gaude,
359 1856 440 1888 quae
463 1848 668 1889 progrederis

253 1896 300 1929 Ut
324 1905 442 1929 aurora
465 1899 551 1936 nata,

205 1944 321 1977 Pacem
347 1943 478 1978 firmans
503 1944 628 1977 miseris

254 1994 330 2026 Vita
354 1996 515 2035 reparata,

204 2042 386 2082 IllustranS,
412 2051 494 2082 quae
515 2040 629 2074 inferis

251 2090 357 2123 Erant
381 2090 532 2123 obserata

201 2139 248 2171 Et
270 2139 304 2171 in
329 2138 426 2171 terris
451 2138 582 2171 sceleris

255 2185 414 2220 Sordibus
439 2190 578 2219 caecata.

206 2246 330 2287 Gaude,
358 2245 446 2277 cuius
470 2244 583 2278 inclita

251 2294 328 2327 Vita
350 2293 524 2335 illustrata,

201 2343 349 2376 Moribus
376 2342 512 2375 ecclesia

248 2392 364 2425 Floret
387 2389 570 2433 informata,

838 186 893 219 24.

836 969 892 1002 26.

839 1360 893 1393 27.

921 185 1022 218 Solita
1046 194 1242 226 succurrere,

967 234 1111 273 Experta
1135 233 1266 272 mederi,

919 282 1022 314 Docta
1048 290 1173 321 semper
1196 290 1340 322 parcere,

968 331 1071 362 Prona
1097 328 1249 369 misereri,

920 377 1066 410 Officium
1091 378 1231 419 percipe,

965 425 1025 467 Da,
1053 425 1137 465 quod
1164 425 1221 457 das
1246 422 1353 460 fateri,

919 472 973 512 Et,
999 473 1084 513 quod
1107 481 1217 504 verum
1241 478 1401 511 promere,

968 521 1052 552 Vere
1077 519 1260 559 promereri.

886 602 893 609 .
921 577 1068 610 Summae
1092 586 1173 609 vena
1198 576 1317 615 veniae,

965 626 1120 657 Miserum
1147 624 1276 657 attende

919 674 963 705 Et
988 681 1076 705 meae
1100 672 1248 705 miseriae

969 721 1113 753 Clemens
1140 720 1368 758 condescende,

923 768 1101 801 Consuetae
1126 768 1249 809 gratiae

969 816 1069 849 Solita
1094 816 1235 857 repende

921 864 958 896 In
983 872 1073 895 meae
1096 863 1257 904 nequitiae

967 911 1060 944 Dona
1085 911 1300 943 redimendae.

919 969 1043 1009 Regina
1068 968 1255 1000 clementiae

967 1014 1043 1049 Iure
1063 1016 1234 1054 nominata,

921 1064 1006 1102 Quae
1034 1063 1153 1103 deliqui
1176 1062 1279 1100 noxit,

967 1111 1027 1148 Da,
1054 1111 1119 1142 sint
1144 1110 1332 1143 condonata.

922 1158 966 1191 Ut
995 1158 1054 1190 tibi
1080 1159 1198 1190 cotidie

968 1207 1052 1239 Vota
1075 1207 1196 1239 solvam
1222 1208 1323 1246 grata,

921 1254 1066 1287 Tandem
1091 1257 1148 1286 tua
1172 1253 1255 1286 facie

968 1301 1124 1335 Periruar
1148 1302 1254 1334 beata.

919 1359 965 1391 Et
987 1363 1023 1391 ut
1046 1367 1106 1399 per
1129 1362 1162 1391 te
1187 1359 1290 1399 gloria

969 1407 1077 1439 Potiar
1102 1410 1212 1447 optata

919 1456 1096 1495 Impetrata
1120 1455 1224 1494 venia,

966 1502 1056 1535 Labe
1081 1504 1270 1540 condonata,

921 1551 1004 1593 Tibi,
1029 1551 1126 1590 plena
1149 1551 1263 1592 gratia,

969 1599 1115 1632 Clemens
1140 1600 1307 1638 advocata,

919 1646 1010 1679 Haec
1033 1649 1084 1678 ter
1108 1646 1245 1687 quinque
1271 1647 1389 1689 gaudia

966 1695 1071 1728 Offero
1099 1695 1203 1728 beata.

895 1848 979 1880 Dum
1006 1849 1158 1881 virtutum
1183 1849 1287 1891 gratia

945 1897 1038 1930 Omni
1062 1901 1237 1939 perornata

895 1945 1026 1978 Cunctis
1051 1947 1263 1979 sanctimonia

940 1993 986 2025 Es
1013 1995 1177 2035 exemplar
1203 1994 1287 2028 data.

895 2050 1017 2096 Gaude,
1045 2053 1125 2084 caeli
1150 2052 1261 2085 nuntio

941 2100 1038 2141 Virgo
1064 2101 1212 2139 salutata,

895 2147 991 2180 Cuius
1017 2157 1050 2181 es
1074 2148 1223 2189 adloquio

944 2196 1118 2229 Gratanter
1143 2193 1264 2238 adfata,

895 2245 993 2278 Certa
1019 2245 1058 2278 de
1082 2244 1234 2284 mysterio

939 2293 1074 2327 Modum
1099 2292 1274 2330 sciscitata,

895 2342 962 2382 Quo
987 2342 1143 2383 gauderes
1167 2339 1244 2383 filio,

933 2390 1041 2422 Mater
1065 2389 1200 2423 illibata.
