1651 2606
657 65 911 100 -176—

579 163 633 194 171.
671 160 715 191 De
733 157 761 189 V
782 156 908 189 Gaudiis
928 154 1014 188 BMV.

163 236 192 270 1.
220 235 339 275 Gaude,
365 235 465 276 virgo,
492 233 639 274 gaudium

219 283 339 315 Mundo
366 283 444 314 dans
468 290 526 321 per
550 279 659 316 filium,

266 330 325 369 Qui
349 340 368 362 a
391 332 483 369 patre
507 326 629 367 genitus

266 377 442 410 Promissus
468 377 515 406 est
538 373 695 414 redditus,

312 425 380 456 Tua
403 421 487 463 sugit
509 421 617 455 ubera.

221 472 357 504 Primum
383 470 441 501 tibi
461 469 609 508 gaudium

221 520 283 551 Per
308 517 474 550 caelestem
498 516 642 548 nuntium

264 565 397 598 Missum
424 563 485 595 fuit
508 563 650 605 caelitus,

267 612 330 644 Per
354 611 437 652 quod
462 614 517 643 tua
541 610 672 651 spiritus

311 657 511 691 Fecundavit
534 657 666 691 viscera.

836 228 868 260 2.
894 224 1073 258 Secundum
1098 222 1251 255 nativitas

894 272 1024 312 Christi,
1051 270 1178 311 quando
1206 268 1308 302 deitas

940 320 1052 352 Latuit
1074 319 1108 350 in
1134 317 1263 349 homine

942 366 1055 400 Carnis
1080 367 1167 397 tecta
1189 363 1328 404 tegmine

990 416 1037 449 Ut
1061 422 1135 445 esca
1158 410 1355 451 muscipu1a3

894 463 1036 497 Tertium
1061 460 1219 494 mirabilis

894 512 1085 551 Cunetisque
1110 507 1257 550 perutilis

947 558 1067 592 Christi
1086 555 1277 589 resurrectio

945 607 988 639 Et
1014 610 1161 648 quartum
1186 602 1329 636 ascensio

992 652 1167 693 Regnantis
1191 652 1224 683 in
1250 649 1388 682 saecula.

499 717 530 748 3.
556 715 713 756 Quintum,
742 721 811 745 cum
840 720 897 744 rex
922 710 1044 752 gloriae

555 762 601 793 Te
627 760 788 794 coniunxit
813 760 920 792 curiae

604 809 692 842 Caeli
717 817 812 848 super
837 808 942 840 omnia

602 857 757 889 Exaltaus
782 857 815 888 in
840 855 942 897 gloria

649 904 787 944 Agmina
811 903 991 944 spirituum.

555 952 663 994 Virgo,
687 961 746 992 per
767 951 848 983 haec
871 949 988 990 gaudia,

553 999 630 1042 Fac,
656 1003 692 1031 ut
716 1008 773 1031 nos
797 999 830 1030 in
854 998 961 1037 patria

602 1047 694 1080 Omni
719 1046 809 1086 pulso
834 1045 911 1078 vitio

602 1094 728 1126 Laudes
753 1096 808 1125 tuo
831 1092 897 1125 filio

649 1141 768 1174 Demus
792 1141 825 1172 in
850 1142 1048 1181 perpetuum,

226 1207 304 1235 Orat.
335 1215 387 1235 ms.
416 1208 527 1235 Domus
558 1207 662 1236 Novae
692 1207 782 1234 Lucis
813 1207 883 1234 anni
909 1204 991 1234 1477.
1026 1205 1095 1233 Cod.
1122 1205 1308 1233 Ultraieetin.
1330 1203 1449 1240 Seriptt.

147 1244 226 1272 Eeel.
248 1242 311 1273 375.

576 1355 636 1386 172.
677 1354 720 1385 De
738 1354 765 1385 V
785 1352 912 1385 Gaudiis
930 1353 1020 1385 BlllV.

166 1427 197 1459 1.
224 1425 344 1464 Gaude,
369 1425 458 1465 virgo
483 1427 585 1457 mater
611 1424 739 1465 Christi,

224 1473 309 1511 Quae
332 1482 391 1513 per
415 1481 522 1505 aurem
547 1471 727 1515 concepisti,

272 1519 420 1552 Gabriele
444 1520 563 1558 nuntio,

223 1568 299 1607 Ipsa
323 1569 391 1600 sola
412 1569 448 1598 tu
472 1565 570 1600 fuisti.

222 1615 307 1654 Quae
331 1623 440 1654 pacem
468 1615 587 1645 cunetis
613 1613 716 1645 emisti

273 1661 323 1694 De
346 1665 398 1693 tuo
426 1661 565 1695 servitio.

165 1721 195 1751 2.
224 1718 344 1758 Gaude⁷
371 1718 443 1757 quia
466 1717 534 1750 Deo
558 1718 655 1758 plena

225 1766 382 1805 Peperisti
408 1766 477 1797 sine
500 1774 601 1805 poena

274 1812 350 1846 Cum
374 1812 506 1853 pudoris
530 1812 608 1855 lilio,

225 1861 271 1893 Ob
297 1860 358 1891 hoc
380 1860 468 1892 nulla
492 1863 587 1901 rupta
612 1868 691 1892 vena

226 1908 320 1948 Virgo
345 1916 473 1939 manens
500 1912 529 1939 et
555 1915 675 1952 serena,

273 1955 389 1988 Natum
415 1953 520 1987 ferens
545 1955 672 1995 gremio,

168 2016 201 2047 3.
228 2012 349 2052 Gaude,
376 2012 449 2052 quia
473 2012 520 2043 tui
543 2012 621 2052 nati,

228 2061 325 2099 Quem
351 2059 480 2092 dolebas
503 2062 636 2091 mortem
659 2060 728 2100 pati

274 2108 391 2147 Fulget
414 2107 615 2146 resurrectio,

228 2156 291 2188 Per
316 2164 406 2195 quem
432 2163 538 2186 sumus
561 2154 690 2187 liberati

226 2203 269 2235 Et
294 2202 410 2235 veteris
435 2203 578 2234 renovati

274 2250 325 2283 Ab
346 2251 463 2282 erroris
489 2250 590 2282 devio.

840 1426 871 1457 4.
900 1423 1021 1464 Gaude,
1050 1423 1177 1456 Christo
1203 1424 1397 1456 ascendente

900 1471 960 1510 Qui
983 1472 1016 1503 in
1042 1471 1164 1503 eaelum
1188 1473 1221 1502 te
1245 1471 1375 1503 vidente

945 1519 1036 1552 Motu
1062 1517 1165 1551 fertur
1189 1519 1332 1560 proprio,

900 1566 1000 1599 Sonus
1027 1567 1067 1599 de
1092 1566 1180 1599 caelo
1207 1569 1340 1606 repente

898 1615 1062 1654 Apostolis
1086 1613 1124 1646 fit
1147 1623 1211 1646 non
1237 1615 1332 1654 lente,

946 1661 1106 1694 Redditur
1129 1663 1163 1694 in
1188 1662 1279 1694 solio.

841 1721 872 1751 5.
900 1718 1022 1762 Gaude,
1031 1728 1111 1759 quae
1118 1722 1192 1759 post
1199 1720 1303 1759 ipsum
1314 1720 1453 1760 scandis,

902 1766 945 1798 Et
971 1770 1018 1798 est
1043 1767 1144 1799 honor
1168 1767 1228 1799 tibi
1253 1767 1385 1807 grandis

948 1814 985 1846 ln
1012 1814 1091 1847 caeli
1116 1815 1248 1856 palatio,

900 1861 966 1894 Ubi
991 1870 1083 1894 cenas
1110 1871 1185 1894 vere
1209 1863 1335 1895 mandis

900 1909 952 1953 Et,
973 1910 1057 1949 quod
1074 1909 1182 1948 habeS,
1204 1911 1326 1943 cunctis
1340 1913 1456 1954 pandis

949 1956 994 1989 Et
1019 1958 1076 1989 das
1098 1966 1198 1998 parvo
1227 1959 1342 1998 pretio.

845 2015 876 2046 6.
902 2013 967 2046 Ubi
992 2013 1115 2047 fruetus
1139 2016 1262 2048 ventris
1286 2018 1333 2048 tui

904 2062 966 2094 Per
990 2065 1023 2093 te
1047 2062 1138 2095 nobis
1165 2063 1258 2096 detur
1282 2063 1346 2097 frui

950 2109 989 2142 In
1012 2111 1146 2149 pereuni
1170 2112 1298 2151 gaudio,

903 2156 970 2189 Fac
994 2167 1051 2190 nos
1077 2160 1217 2199 peccatis
1243 2161 1316 2192 exui

903 2205 947 2237 Et
971 2208 1075 2237 tecum
1101 2207 1187 2238 caelo
1213 2209 1321 2248 statui,

949 2252 1053 2285 Amen
1079 2254 1166 2286 dicat
1191 2255 1306 2288 contio.

233 2315 304 2344 Coa.
324 2316 530 2344 Cat-olsmhan.
545 2316 668 2351 Augien.
688 2313 734 2344 36.
755 2324 830 2344 saec.
845 2315 920 2345 ¹4l15.
937 2334 975 2339 --
994 2317 1021 2353 4,
1035 2318 1054 2346 2
1071 2319 1115 2346 Et
1133 2322 1166 2348 in
1180 2321 1303 2349 eaelum.
1318 2335 1355 2341 ——·
1374 2323 1461 2354 Nach

158 2353 183 2392 6,
204 2353 221 2382 6
243 2354 393 2383 vielleicht
412 2352 551 2392 Sequenz,
