1653 2608
663 96 900 136 -77-„

154 215 162 223 .
185 189 285 223 Iudas
311 190 423 224 adiens
448 193 601 227 Iudaeos:

238 235 393 280 Quantos,
419 241 532 282 inquit,
561 243 678 276 dabitis

188 285 344 318 Nummos
369 288 457 330 mihi,
483 298 568 322 nunc
592 292 634 323 ad
659 301 746 324 meos

238 333 323 366 Usus
350 337 391 377 et,
418 345 511 377 quem
534 339 697 381 quaeritis,

187 381 340 426 Tradam,
366 385 420 423 qui
445 385 526 417 ritus
552 386 717 418 Hebraeos

236 428 349 462 Calcat
372 432 463 464 novis
487 433 625 466 monitiS.

152 548 159 556 .
185 523 230 556 Et
254 525 410 558 accedens
438 527 527 560 dedit
551 528 693 567 signum:

235 570 303 613 Cui,
332 573 451 614 dicens,
478 575 620 607 osculum

187 618 259 652 Oris
286 620 406 653 dedero
432 622 613 663 benignum,

234 666 298 699 Hic
323 671 381 709 est,
406 669 455 701 illi
482 671 642 702 vinculum

184 715 377 756 Innectatis3
403 718 462 749 sed
485 718 658 758 malignum

236 762 364 796 Clamat
388 774 423 796 se
448 768 522 805 post
546 767 720 805 paululum.

151 874 158 881 .
184 849 273 882 Eunt
297 859 372 882 mox
397 852 535 884 ministri
560 853 672 884 mortis

232 897 270 930 In
297 906 368 930 eum
393 899 514 932 inicere

184 945 313 985 Manus,
341 946 395 986 qui
419 950 456 978 ut
478 948 529 979 leo
555 946 648 978 fortis

235 993 345 1025 Voluit
370 1004 430 1034 pro
452 995 575 1027 scelere

186 1040 303 1072 Mundi
327 1043 409 1073 mori
432 1045 463 1073 et
490 1044 530 1075 de
554 1042 656 1081 portis

231 1089 349 1122 Mortis
374 1099 448 1122 suos
474 1090 599 1123 tollere.

150 1199 156 1205 .
183 1175 228 1207 Et
254 1183 324 1206 eum
351 1176 662 1217 comprehenderunt

233 1222 279 1254 Ut
303 1221 407 1254 furem
432 1227 464 1256 et
489 1223 618 1256 funibus

184 1271 301 1303 Manus
326 1270 393 1302 eius
418 1271 609 1312 ligaverunt,

232 1320 320 1356 Quae
344 1319 454 1351 multis
482 1319 652 1352 virtutibus

182 1366 309 1406 Aegros
335 1375 433 1407 saepe
461 1369 653 1399 curaverunt

230 1412 269 1445 In
294 1422 403 1445 eorum
428 1413 556 1447 finibus,

147 1528 152 1532 .
180 1499 234 1531 Sic
257 1499 391 1539 ligatum
416 1500 616 1540 reliquerunt

229 1546 308 1579 Noti
334 1550 366 1578 et
392 1547 540 1588 discipuli

182 1595 226 1627 Et
250 1594 290 1627 ab
318 1603 354 1627 eo
380 1594 582 1637 diffugerunt,

231 1643 331 1682 Quem
356 1645 433 1675 tune
458 1645 525 1676 eius
551 1645 667 1677 aemuli

182 1691 262 1724 Cum
288 1691 429 1722 clamore
453 1697 664 1732 susceperunt

226 1739 419 1771 Iudaeorum
442 1740 567 1781 populi.

148 1849 154 1856 .
185 1826 290 1858 Primo
316 1826 441 1858 minant
464 1827 727 1866 comprehensum

229 1874 281 1908 Ad
307 1883 460 1906 summum
488 1875 723 1916 presbyterum,

179 1922 321 1955 Caritate
346 1923 394 1954 sic
419 1924 584 1955 incensum

228 1970 291 2003 Pro
318 1971 422 2004 salute
448 1972 599 2012 cinerum,

180 2019 226 2052 Ut
249 2028 309 2058 pro
337 2020 383 2051 eis
408 2021 520 2052 mortis
546 2029 681 2059 pensum

225 2068 339 2101 Sumat
363 2077 461 2109 super
486 2076 639 2102 umerum.

117 2155 148 2187 9.
174 2155 287 2186 Annas
306 2153 440 2195 primus,
464 2162 526 2193 quo
545 2156 594 2184 est
614 2154 737 2195 ductus,

226 2202 275 2236 Ut
299 2210 371 2232 eum
396 2200 581 2241 discuteret,

179 2249 322 2291 Quaerit,
348 2248 405 2281 ubi
430 2249 473 2280 sit
497 2249 683 2290 instructus,

225 2298 271 2333 Ut
295 2298 379 2330 hane
404 2305 520 2328 novam
545 2300 669 2328 sereret

175 2346 376 2387 Doctrinam,
405 2346 438 2376 et
462 2343 572 2384 quales
602 2343 726 2376 fruetus

222 2394 373 2428 Imitator
397 2394 548 2425 sumeret.

821 198 873 231 10.

819 530 874 563 11.

817 854 872 887 12.

819 1178 872 1209 13.

818 1499 871 1531 14.

815 1824 871 1857 15.

813 2150 868 2183 16.

902 199 1031 231 Petrum
1056 207 1119 230 una
1142 200 1189 230 est
1214 207 1343 238 agressa

948 247 1076 278 Ancilla
1099 246 1132 277 in
1157 246 1256 278 atrio:

899 294 977 334 Tua,
1003 294 1121 332 dicens,
1149 298 1198 327 est
1222 302 1374 334 expressa

947 341 1024 374 Cum
1049 341 1122 375 Iesu
1148 342 1341 384 communi03

899 389 989 421 Iurat
1013 398 1089 423 voce
1113 398 1176 421 non
1203 397 1399 429 compressa:

947 437 1064 478 Iesum,
1087 437 1201 477 inquit,
1226 437 1342 470 nescio.

898 531 989 564 Unus
1012 532 1059 564 ibi
1082 532 1298 564 ministrorum

947 580 1084 620 Alapam
1111 588 1180 611 cum
1204 579 1306 620 iurgio

899 627 999 658 Dedit
1023 627 1090 668 regi
1114 627 1321 667 saeculorum,

945 675 1012 706 Alii
1037 676 1071 707 in
1096 675 1168 707 odio

899 722 1027 754 Palmas
1042 723 1121 755 dant
1131 723 1165 754 in
1176 731 1282 763 genas,
1297 731 1428 763 quorum

948 770 1071 803 Probra
1095 769 1159 802 fert
1183 780 1252 801 cum
1278 770 1372 802 serio.

897 855 952 887 Ad
976 856 1155 895 principem
1180 857 1381 889 sacerdotum

947 903 1100 942 Caipham
1126 906 1158 934 et
1183 903 1322 935 destinat

897 951 1008 981 Annas
1022 950 1138 990 Iesum,
1154 959 1244 990 quem
1256 951 1301 982 nil
1309 953 1427 983 motum

947 996 982 1028 Si
1007 997 1153 1029 Christus
1178 999 1339 1030 examinat

900 1044 958 1084 Sit,
978 1053 1070 1084 quem
1085 1053 1159 1076 vere
1172 1048 1314 1077 sanc-tum
1329 1048 1429 1076 totum

946 1091 1014 1124 Lex
1039 1094 1207 1125 venturum
1230 1094 1381 1125 nominat.

901 1176 951 1208 Ibi
977 1176 1051 1209 falsi
1076 1179 1173 1209 testes
1195 1178 1287 1209 multi

947 1224 1066 1257 Contra
1090 1224 1193 1256 Iesum
1220 1227 1360 1267 veniunt,

898 1271 997 1304 Nulla
1019 1272 1157 1305 veritate
1181 1272 1255 1304 fulti

949 1320 1092 1352 Crimina
1116 1320 1259 1352 obiciunt

898 1367 1041 1399 Plun'ma
1064 1366 1205 1399 nefanda
1229 1368 1329 1408 stulti,

946 1414 1032 1452 Quae
1056 1414 1196 1455 probare
1220 1416 1373 1447 nesciunt.

900 1500 1055 1540 Princeps
1081 1509 1154 1532 suas
1179 1501 1332 1533 laceravit

947 1549 1061 1580 Vestes
1088 1551 1118 1579 et
1145 1548 1345 1588 blasphemia

899 1597 1005 1629 Iesum
1030 1596 1159 1628 tandem
1185 1597 1364 1637 inculpavit

947 1645 1038 1677 Tunc
1062 1652 1170 1676 coram
1196 1643 1375 1684 frequentia

897 1691 1106 1732 Irridensque
1130 1692 1360 1725 demonstravit

947 1739 1087 1780 Dignum
1114 1741 1314 1772 contumelia.

898 1824 961 1866 En,
986 1826 1220 1867 blasphemiam
1247 1827 1393 1867 audistis,

945 1873 1065 1916 Inquit,
1093 1875 1171 1915 quid
1196 1884 1281 1907 nunc
1306 1875 1421 1907 faciam

897 1921 947 1962 Ei,
976 1923 1029 1962 qui
1054 1923 1193 1964 plebem,
1220 1926 1256 1955 ut
1278 1922 1395 1963 scistis,

945 1969 1060 2003 Terret
1084 1979 1144 2010 per
1167 1969 1355 2004 fallaciam?

894 2017 941 2048 At
964 2018 997 2049 in
1024 2027 1093 2051 eum
1114 2028 1188 2050 mox
1213 2029 1271 2059 pro
1296 2018 1367 2050 istis

943 2065 1058 2099 Mortis
1086 2067 1164 2098 dant.
1189 2068 1394 2099 sententiam.

898 2153 1034 2192 Quidam
1062 2161 1133 2184 eum
1157 2162 1231 2184 mox
1253 2151 1431 2184 caedebant

947 2200 1110 2241 Colaphis,
1139 2200 1189 2231 cui
1213 2200 1320 2240 pridie

894 2248 1014 2280 Ramos
1038 2249 1071 2280 in
1099 2253 1151 2280 via
1172 2247 1360 2279 sternebant

942 2296 1105 2328 Arborum
1132 2299 1161 2326 et
1188 2295 1295 2326 curiae

891 2345 997 2377 Israel
1025 2344 1136 2376 ducem
1164 2342 1323 2383 dicebant,

942 2392 1033 2431 Quod
1059 2393 1109 2424 est
1133 2394 1166 2423 et
1190 2399 1248 2423 rex
1273 2389 1403 2431 gloriae.
