1653 2608
686 110 918 146 —33-

306 202 354 235 60.
381 202 490 236 Oratio
513 204 550 236 ‹le
570 203 715 246 passione
735 203 857 237 Domini
878 204 910 236 et
930 204 966 236 de
988 202 1200 244 compassione
1222 203 1252 234 Β.
1265 203 1299 235 V.

162 283 193 315 1.
221 284 245 315 O
272 284 354 328 Iesu,
382 293 440 317 rex
467 285 595 325 caelice‚

221 330 368 364 Clamose
393 341 500 365 coram
523 333 631 365 iudice

219 379 264 411 Es
291 383 458 412 accusatus
483 380 604 420 absque
629 389 664 412 re

220 427 459 467 Perpessusque
482 427 625 468 pacifice.

162 495 194 526 2.
223 494 247 526 O
274 494 390 535 Maria,
416 497 504 526 tuum
530 496 637 526 natum

223 542 391 574 Pertulisti
415 540 619 582 flagellatum,

219 588 332 620 Multis
357 589 469 629 poenis
494 589 692 631 tribulatum,

221 636 328 668 Morte
353 645 477 676 quoque
500 636 710 671 vulneratum.

162 704 195 736 3.
223 703 247 735 Ο
274 703 347 735 Iesu
374 702 567 742 dulcissime,

221 749 278 782 Cui
303 750 444 782 osculum
466 750 634 782 mitissime

220 797 393 838 Dabasque
421 798 634 842 paratissime,

220 845 267 876 Te
291 845 387 877 morti
414 846 504 877 dedit
528 846 676 886 pessime.

848 287 880 319 4.
907 285 932 318 Ο
957 284 1073 325 Maria,
1101 284 1176 316 dum
1200 283 1238 315 fit
1259 286 1351 315 natus

906 332 992 364 Tuus
1017 332 1110 364 hasta
1133 330 1326 375 perforatus,

907 380 1037 412 Transit
1060 380 1144 412 ensis
1170 382 1300 411 acuatus

907 428 1012 460 Poena
1035 427 1103 459 nati
1127 429 1215 458 tuum
1240 427 1335 458 latus.

871 517 878 524 .
906 494 931 527 O
956 494 1040 534 Iesu,
1067 503 1159 534 quam
1186 493 1276 526 vultu
1299 493 1385 524 tristi

905 541 1006 573 Tuam
1030 544 1164 573 matrem
1189 541 1376 580 inspexisti!

906 589 1006 629 Quam
1028 588 1163 621 Iohanni
1189 588 1383 630 commisisti,

908 636 1039 675 Quando
1066 645 1191 668 crucem
1216 635 1399 669 ascendisti.

873 728 879 735 .
908 703 932 736 Ο
958 703 1074 743 Maria,
1100 712 1193 743 quam
1218 701 1335 736 flevisti

906 751 945 783 In
971 750 1166 791 extasimque
1192 750 1346 789 cecidisti,

908 798 1040 837 Quando
1065 802 1221 830 mortuum
1246 797 1409 840 aspexisti,

909 845 1003 877 Cuius
1029 848 1130 877 mater
1156 845 1325 878 exstitisti!

504 913 535 946 7.
562 913 666 952 Quare
688 920 739 944 me
762 912 797 943 in
821 912 901 944 hora
924 911 1034 943 mortis

564 959 652 991 Erue
679 959 719 991 de
744 959 846 999 portis
871 958 995 999 mortis,

565 1007 649 1048 Iesu,
676 1009 720 1046 tu,
746 1006 853 1038 Maria
877 1006 981 1048 fortis,

563 1054 663 1094 Iunge
687 1062 738 1085 me
763 1053 910 1093 supernis
935 1052 1048 1094 portis.

226 1129 345 1157 Collect.
373 1138 426 1156 ms.
454 1129 627 1158 Gottwicen.
661 1137 736 1156 saec.
765 1127 809 1157 14.
836 1126 879 1165 [et
906 1126 959 1162 15].
1000 1127 1069 1155 Cod.
1091 1128 1252 1156 Gottwicen
1280 1125 1342 1155 192.
1363 1127 1397 1154 A.
1424 1140 1455 1145 —

148 1167 220 1195 Cim.
241 1167 394 1195 Monacen.
416 1165 465 1203 (01.
485 1166 636 1203 Tegurin.)
657 1164 762 1195 19636.
785 1175 860 1194 saec.
880 1164 924 1193 15.
946 1167 977 1194 Β.
999 1180 1036 1184 -
1059 1164 1083 1199 1,
1107 1166 1121 1193 1
1144 1166 1168 1193 O
1189 1166 1262 1193 fehlt
1283 1167 1314 1193 B.
1337 1180 1376 1185 —
1396 1162 1422 1200 3,
1455 1166 1460 1172 '

151 1207 348 1242 pei-citissime
358 1206 392 1233 B.
412 1220 451 1224 —
470 1204 497 1239 4,
515 1204 529 1232 1
544 1214 587 1242 sq.
603 1206 626 1234 O
641 1206 737 1233 Maria
757 1205 825 1232 dum
838 1207 907 1232 tuus
921 1206 1007 1232 natus
1021 1204 1118 1232 Hasta
1130 1205 1188 1231 fuit
1200 1204 1362 1240 perforatus
1377 1204 1409 1231 B.
1425 1218 1464 1223 --

150 1243 176 1278 5,
196 1242 216 1272 4
241 1244 313 1272 Cum
334 1245 367 1271 in
387 1252 473 1271 cruce
492 1243 659 1280 pependisti
678 1244 711 1271 B.
733 1258 770 1263 —
791 1241 816 1277 6,
838 1240 856 1271 3
871 1242 993 1277 Quando
1014 1244 1136 1270 mortem
1150 1243 1185 1270 A.
1206 1257 1242 1261 -
1264 1241 1290 1278 7,
1307 1240 1325 1269 2
1344 1242 1418 1269 fehlt
1430 1242 1462 1269 B.

602 1365 641 1397 61.
672 1364 719 1395 Ad
737 1364 861 1396 Faciem
880 1363 1011 1395 Domini.

162 1447 191 1479 1.
220 1446 301 1487 Ave,
327 1444 444 1478 florens
470 1445 576 1477 vultus
603 1445 733 1486 Christi,

219 1493 321 1534 Sputa
345 1503 404 1533 pro
430 1502 481 1525 me
505 1493 684 1533 suscepisti,

845 1445 878 1477 4.
905 1445 986 1486 Ave,
1013 1443 1067 1484 qui
1092 1443 1323 1483 plantationem

906 1492 968 1523 Per
992 1494 1079 1523 tuam
1107 1490 1301 1522 oblationem

952 1540 1016 1572 Pro
1041 1547 1092 1570 me
1116 1538 1202 1578 patri
1226 1537 1368 1578 exhibes,

906 1587 1017 1629 Cruce,
1046 1586 1145 1618 clavis
1172 1588 1203 1617 et
1229 1594 1350 1625 cruore,

906 1634 1024 1676 Spinis,
1053 1635 1174 1677 lancea,
1199 1634 1302 1666 livore

953 1682 1033 1714 Eius
1058 1683 1139 1714 iram
1166 1681 1304 1713 cohibes.

267 1542 292 1574 Ο
320 1542 437 1573 decora
461 1539 571 1581 facies,

217 1590 317 1629 Rogo,
343 1592 380 1620 ut
403 1598 466 1620 non
492 1588 649 1621 avertaris

218 1638 249 1669 A
273 1645 333 1679 me,
358 1636 416 1668 sed
441 1636 595 1668 intuearis

268 1684 396 1717 Centies
423 1686 455 1715 et
479 1684 593 1717 milies.

847 1752 877 1783 5.
904 1749 984 1792 Ave,
1012 1749 1149 1790 Christe,
1176 1748 1230 1789 qui
1256 1748 1411 1791 dormisti,

908 1798 1097 1837 soporatum
1123 1796 1301 1840 suscepisti,

953 1845 1026 1877 Tibi
1051 1845 1121 1877 laus
1147 1847 1179 1876 et
1204 1844 1316 1885 gloria,

907 1893 1041 1934 Culpam
1067 1893 1139 1925 dele
1162 1892 1319 1935 passione,

907 1941 977 1973 Tua
999 1941 1233 1973 resurrectione

957 1988 1077 2022 Confer
1103 1989 1188 2020 vitae
1212 1987 1338 2029 gaudia.

159 1754 191 1785 2.
219 1753 299 1795 Ave,
328 1753 422 1791 caput
445 1751 643 1791 inclinatum,

220 1799 416 1840 Despective
441 1801 626 1832 coronatum

269 1847 377 1887 Spinis
402 1846 590 1891 infidelium,

218 1896 326 1936 Plagis
351 1895 459 1927 multis
485 1893 683 1935 perforatum

222 1943 474 1984 Circumquaque
500 1945 710 1984 cruentatum,

267 1991 444 2031 Exemplar
468 1991 645 2023 humilium.

163 2062 197 2094 3.
224 2060 305 2100 Ave,
332 2058 468 2099 Christe,
496 2058 598 2091 dulcis
625 2057 737 2100 frater,
848 2059 878 2091 6.
906 2057 985 2100 Ave,
1014 2056 1095 2098 Iesu,
1124 2055 1175 2096 qui
1200 2055 1342 2087 solamen

221 2107 280 2147 Qui
306 2116 363 2139 nos
390 2107 491 2140 lactas
516 2107 605 2139 velut
626 2109 729 2138 mater
907 2105 982 2137 Reis
1010 2104 1145 2144 praebes
1172 2106 1204 2135 et
1227 2103 1373 2135 iuvamen

273 2155 424 2195 Corporis
450 2154 646 2196 vulneribus,
954 2152 1142 2184 Relaxando
1165 2151 1243 2183 vitia

217 2203 321 2237 Nobis
347 2203 399 2234 lac
423 2205 458 2234 tu
483 2202 674 2242 produxisti,
907 2200 953 2232 Et
977 2200 1141 2241 regnando
1168 2200 1225 2231 das
1250 2198 1381 2237 renatis,

222 2252 355 2293 Quando
381 2250 566 2291 sanguinem
591 2248 703 2282 fudisti
908 2249 938 2281 A
963 2250 1055 2280 reatu
1081 2246 1265 2287 expurgatis

268 2300 319 2333 De
343 2298 459 2341 palmis
486 2301 519 2330 et
544 2298 584 2330 de
607 2297 756 2338 pedibus,
956 2297 996 2329 In
1024 2303 1197 2337 perennem
1223 2293 1369 2334 gloriam.

224 2377 305 2406 Orat.
332 2385 388 2404 ms.
410 2374 606 2403 Harlemense
631 2382 707 2402 saec.
737 2371 782 2401 15.
823 2372 892 2401 Cod.
913 2373 1065 2400 Treviren.
1085 2368 1151 2398 493.
1181 2384 1208 2388 —
1229 2366 1256 2403 3,
1279 2367 1294 2396 1
1316 2369 1410 2397 dulce.
1432 2383 1469 2387 ς

149 2413 182 2450 3,
203 2414 223 2443 4
242 2415 330 2443 lactu.
352 2429 389 2434 --
411 2412 447 2449 6,
468 2411 488 2441 4
507 2413 577 2441 Lies
598 2412 640 2441 Et
659 2421 783 2450 regnare
803 2411 877 2440 das?
898 2427 934 2431 —
956 2408 989 2445 6,
1011 2409 1028 2438 6
1048 2410 1134 2438 Lies:
1162 2409 1194 2436 in
1213 2409 1335 2445 perenni
1355 2407 1468 2445 gloria?

1269 2454 1309 2484 6*
