1651 2606
157 181 192 213 3.
215 175 359 225 Custodi,
385 190 427 213 ne
452 181 610 223 discedas,

268 227 400 261 Custodi
427 230 605 270 parvulum,

218 275 283 307 Per
305 276 409 317 ipsum
436 277 520 310 enim
547 278 659 310 credas

270 323 398 357 Salvari
420 324 590 369 saeculum,

219 370 265 402 Et
290 369 369 403 felix
397 381 440 413 es,
467 372 495 404 si
519 375 552 404 te
576 374 633 406 das

267 419 440 460 Plangenti
464 420 623 460 baculum,

221 465 255 498 Si
280 466 426 499 manibus
452 467 556 499 levato

222 513 361 546 Dederis
386 514 568 555 amplexato

271 562 438 595 Occultum
463 562 614 595 osculum.

163 639 196 671 4.
224 637 293 669 Nec
317 637 456 670 osculari
480 638 601 670 vultum

272 684 353 717 Dico
380 681 442 729 [ut]
468 685 607 726 studeas,

224 731 309 764 Satis
334 734 392 770 est,
417 733 513 765 immo
538 734 680 777 multum,

270 779 375 812 Pedes
401 781 429 811 si
454 781 571 821 valeam,

220 826 323 859 Immo
347 836 525 867 pannorum
552 829 670 860 cultum

270 873 395 906 Tenere
418 876 559 919 studeas,

221 921 367 954 Fimbria
390 923 572 955 vestimenti

225 968 401 1001 Sanitatem
429 971 592 1010 languenti

268 1016 379 1058 Dedit,
407 1026 455 1058 en,
482 1018 604 1053 timeas,

164 1095 194 1125 5.
223 1092 338 1125 Redde
362 1094 459 1125 matri
481 1094 664 1127 lactandum

273 1140 377 1174 Castis
402 1141 564 1183 uberibus,

223 1186 288 1220 Sed
313 1197 439 1220 resume
463 1190 656 1228 portandum

271 1235 414 1268 Alternis
439 1236 573 1278 vicibuS,

223 1281 259 1314 Si
285 1283 367 1316 dura
391 1283 435 1315 sit
458 1284 500 1316 ad
527 1284 668 1317 dandum

270 1332 308 1363 In
333 1331 396 1363 tuis
420 1332 577 1372 manibuS,

220 1377 301 1411 Dic:
328 1381 400 1410 tuus
426 1380 488 1411 iste
511 1382 605 1412 natus

219 1425 292 1458 Non
317 1426 377 1457 tibi
402 1427 464 1458 soli
490 1427 592 1466 datus,

268 1473 333 1505 Sed
359 1474 451 1506 datus
477 1475 632 1508 omnibus.

164 1541 195 1573 6.
224 1538 258 1571 Si
282 1539 433 1572 miserum
460 1542 611 1584 causaris,

267 1588 363 1620 Venit
387 1597 446 1628 pro
470 1590 608 1632 miseris,

221 1635 285 1668 Per
309 1635 396 1675 ipsos
421 1637 584 1678 exaltaris,

264 1683 373 1716 Mater
398 1683 546 1725 efficeris,

218 1730 306 1772 Ergo
331 1740 372 1763 ne
399 1731 593 1774 dedignaris,

269 1779 361 1819 Quod
384 1788 444 1820 pro
469 1789 520 1811 me
547 1780 680 1823 ceperis,

218 1826 341 1866 Quanto
366 1828 467 1868 magis
492 1837 562 1860 sum
586 1838 670 1872 reus,

218 1874 298 1907 Tam
323 1875 423 1916 magis
449 1876 511 1909 erit
534 1885 622 1909 meus

265 1923 341 1956 Una
366 1933 436 1957 cum
463 1925 588 1959 ceteris

161 1992 180 2024 7
187 2019 194 2025 .
219 1990 378 2032 Adcurre,
404 2000 481 2032 gens
505 1993 681 2034 peccatrix,

266 2038 339 2071 Non
364 2039 458 2072 siccis
484 2041 594 2083 oeulis,

219 2086 418 2119 Salvatorem
443 2088 600 2122 salvatrix

266 2135 454 2168 Praesentet
477 2137 622 2179 singulis,

217 2182 416 2216 Thesaurum
442 2185 660 2218 conservatrix

263 2231 360 2264 Nunc
383 2230 479 2266 offert
501 2234 639 2276 populis,

216 2278 251 2313 Si
276 2282 388 2313 tantae
411 2281 527 2320 pietati

215 2326 384 2363 Fuerimus
408 2328 537 2373 ingrati,

259 2377 327 2410 Vae
349 2376 442 2410 nobis
467 2377 611 2410 miseris!

687 80 922 122 ᾗ25ω

870 185 902 218 8.

848 1094 901 1126 10.

847 1541 900 1574 11.

845 1993 900 2026 12.

927 183 1025 216 Venit
1047 183 1088 217 ab
1114 192 1191 216 arce
1213 183 1317 226 patris

975 230 1077 263 Natus
1105 231 1295 275 carissimus,

927 279 1038 313 Ubera
1063 279 1150 311 suxit
1173 279 1296 321 matris,

975 326 1065 360 Sicut
1088 336 1146 358 nos
1172 325 1314 365 fecimus,

929 374 1024 407 Cuius
1050 382 1189 406 amorem
1214 373 1325 406 fratris

972 421 1104 462 Quando
1131 422 1310 461 recolimus,

929 468 1058 507 Mirum,
1085 469 1112 500 si
1136 472 1200 500 tam
1223 468 1320 509 gelati

931 515 1044 548 Calore
1068 517 1221 548 nominati

974 562 1052 595 Mox
1076 572 1141 595 non
1166 563 1377 603 liquescimus

898 664 905 671 .
933 639 1030 671 Venit
1056 639 1138 671 enim
1162 642 1199 670 ut
1222 639 1304 678 ignis

979 686 1112 718 Terram
1136 686 1322 726 accendere,

930 733 1009 766 Tam
1035 734 1189 774 exemplis
1213 743 1307 774 qnam
1331 734 1430 774 signis

978 780 1134 814 Mundum
1158 784 1334 823 concutere,

929 827 1008 860 E1us
1035 829 1126 861 donis
1150 828 1296 870 benignis

980 875 1113 908 Carnem
1139 884 1265 914 exuere,

930 922 976 954 Ut
998 922 1060 954 hoc
1082 922 1156 962 igne
1184 921 1310 954 conflati

929 968 997 1001 Soli
1019 969 1084 1001 iam
1108 969 1270 1002 maiestati

977 1017 1129 1050 Curemus
1155 1017 1273 1050 vivere.

925 1092 960 1124 Si
987 1093 1065 1125 mihi
1087 1093 1135 1125 vis
1159 1093 1266 1125 iurare

974 1140 1116 1174 Iurando
1139 1139 1279 1180 foedere,

928 1187 1018 1226 Quod
1043 1189 1088 1220 nil
1113 1187 1193 1220 velis
1218 1197 1335 1228 amare,

976 1234 1032 1267 Me
1056 1235 1157 1268 solum
1183 1244 1346 1276 quaerere,

928 1282 1084 1316 Promitte
1110 1283 1232 1315 caelum
1258 1283 1344 1321 dare,

975 1329 1031 1362 Me
1055 1328 1114 1363 tibi
1139 1332 1280 1371 iungere,

929 1377 1051 1410 Cuncta
1073 1378 1162 1410 bella
1188 1378 1326 1418 domare,

928 1425 973 1459 Ut
997 1426 1100 1467 possis
1125 1434 1288 1466 superare,

977 1473 1068 1505 Vires
1093 1472 1243 1506 tribuere.

928 1540 966 1573 In
992 1539 1103 1580 primis
1130 1548 1185 1572 cor
1210 1541 1363 1582 consulta,

974 1588 1065 1627 Quod
1093 1588 1137 1619 vis
1163 1588 1291 1630 eligere,

926 1635 1022 1674 Ecce,
1049 1635 1215 1675 requirunt
1239 1636 1339 1668 multa

973 1684 1077 1715 Tuum
1104 1682 1247 1725 diligere,

926 1731 990 1764 Sed
1016 1731 1099 1771 vide,
1127 1740 1166 1763 ne
1191 1731 1234 1763 sis
1259 1731 1366 1771 stulta,

976 1779 1060 1812 Cura
1086 1778 1291 1820 distinguere,

925 1827 969 1861 Et
993 1828 1022 1859 si
1046 1836 1116 1859 sum
1140 1826 1303 1867 eligendus

928 1874 1120 1915 Cunctisque
1144 1874 1399 1916 praeponendus,

973 1923 1050 1956 Noli
1074 1931 1126 1955 me
1150 1930 1313 1964 spernere.

924 1991 994 2033 Ego
1017 1992 1134 2024 natura
1157 1991 1245 2023 Deus

974 2039 1025 2072 De
1048 2042 1142 2080 patre
1166 2038 1328 2081 prodiens,

926 2087 974 2122 Ut
999 2088 1208 2119 mundaretnr
1233 2095 1305 2118 reus

974 2136 1012 2168 In
1037 2138 1171 2168 matrem
1198 2134 1337 2177 veniens,

924 2183 1045 2216 Factus
1070 2192 1194 2224 pauper
1218 2181 1384 2215 Hebraeus

972 2233 1011 2265 In
1037 2239 1132 2263 eruce
1155 2231 1291 2273 patiens,

925 2281 1078 2313 Patenter
1104 2279 1329 2317 demonstravi,

926 2329 1016 2369 Quod
1042 2327 1135 2360 nimis
1160 2330 1193 2359 te
1217 2326 1321 2358 amavi

971 2377 1052 2410 Tam
1075 2385 1190 2416 magna
1214 2374 1345 2408 faciens,
