1653 2608
655 75 911 112 -175—

143 171 175 205 7.
201 169 329 212 Sextus,
356 180 427 205 cum
454 172 634 213 depositum
853 176 884 210 9.
910 174 979 208 Fac
1001 184 1061 219 me,
1088 175 1188 219 virgo,
1215 176 1369 217 plangere

251 220 291 252 de
317 228 411 253 eruce
434 221 547 260 tulisti,
957 226 1060 256 tecum
1086 232 1124 255 ac
1148 222 1283 265 turbari,

199 266 227 298 F
229 267 327 299 letum
354 271 386 299 et
409 268 549 309 suspiria
910 272 948 305 In
974 271 1122 303 extremis
1147 274 1183 302 ut
1207 280 1318 311 queam

250 315 362 355 gravia
386 316 516 349 dedisti.
957 328 1017 360 per
1039 322 1073 351 te
1097 318 1264 351 consolari.

142 402 175 434 8.
201 401 373 445 Septimus,
402 412 473 435 oum
496 404 617 436 tumulo
832 406 887 439 10.
914 405 981 438 Hos
1009 406 1134 438 dolores
1160 406 1265 438 recolo

252 459 368 490 eorpus
392 451 599 493 abscondisti,
958 453 1069 485 dolens
1094 462 1165 485 cum
1188 452 1312 493 Maria3

201 497 300 530 Flens
326 501 358 531 et
383 499 473 539 quasi
495 500 621 531 mortua
911 500 1046 540 Christe,
1073 510 1123 533 me
1149 501 1331 534 caelicolam

250 546 327 578 inde
352 546 522 579 recessisti.
959 547 1010 581 fac
1036 558 1105 581 eum
1130 552 1232 581 matre
1257 549 1322 590 pia.

207 630 328 659 Collect.
349 640 402 659 ms.
425 630 583 660 Garstense
604 638 679 660 saec.
702 629 774 660 ¹³1¹14.
818 632 886 661 Cod.
908 633 1028 661 Lincen.
1053 632 1092 661 Oc
1111 634 1142 662 ΙΙ
1162 632 1188 661 6.

564 790 623 823 170.
664 791 708 823 De
729 791 756 823 V
778 790 905 823 Gaudiis
925 791 1011 823 BMV.

144 887 176 921 1.
204 888 347 921 Primum
373 888 435 922 fuit
460 890 620 931 gaudium,
831 891 863 922 4.
889 891 934 922 Et
958 891 999 923 ad
1026 893 1174 931 quartum
1199 891 1348 933 gaudium

251 946 333 979 cum,
357 938 459 978 virgo,
485 938 595 971 vidisti
936 939 1004 970 tota
1030 937 1206 970 conflexisti

206 983 387 1017 Gabrielem
413 986 559 1017 nuntium
889 986 933 1017 Et
959 986 1001 1017 ad
1025 986 1124 1017 risum
1149 995 1338 1027 prosperum

251 1042 311 1072 per
336 1041 429 1073 quem
456 1032 641 1073 cognovisti,
939 1032 1053 1065 faciem
1078 1033 1211 1074 solvisti,

205 1081 296 1120 Quod
324 1080 457 1112 deberes
482 1080 553 1113 fieri
892 1080 969 1113 Cum
993 1084 1174 1122 surgentem
1199 1079 1299 1113 filium

249 1130 353 1160 mater
377 1128 450 1160 Iesu
475 1128 603 1168 Christi,
935 1128 1083 1170 amplexa
1108 1127 1207 1171 fuisti,

203 1176 254 1208 De
278 1176 374 1208 modo
400 1186 463 1210 non
491 1176 640 1209 dubitans
889 1176 920 1208 A
946 1185 1007 1216 quo
1032 1174 1234 1217 refrigerium

252 1224 383 1256 modum
408 1223 604 1265 quaesivisti.
939 1223 1031 1256 dulce
1054 1224 1215 1265 recepisti„

145 1311 178 1344 2.
206 1310 398 1352 Secundum,
426 1319 495 1342 cum
519 1319 664 1350 puerum,
831 1311 862 1344 5.
889 1309 1049 1350 Quintum,
1077 1318 1147 1342 eum
1169 1311 1205 1342 in
1231 1319 1364 1350 corpore

250 1358 349 1399 virgo,
376 1358 532 1399 peperisti
939 1359 1042 1390 caelos
1068 1358 1242 1391 ascendisti

206 1405 249 1438 Et
275 1406 396 1438 erranti
419 1405 539 1446 populo
890 1405 935 1437 Et
960 1414 1038 1446 cum,
1067 1415 1158 1447 quem
1183 1407 1372 1446 mutaveras,

250 1453 353 1486 lucem
378 1454 552 1495 protulisti,
939 1453 1043 1486 Deum
1070 1454 1274 1495 conspexisti,

204 1501 282 1535 Cum
306 1504 352 1543 tu,
377 1511 470 1542 pura,
494 1511 628 1544 puerum
891 1501 981 1534 Tune
1005 1511 1127 1534 memor
1150 1502 1330 1543 praesaepii

251 1550 367 1590 pannis
391 1550 555 1584 involvisti
939 1549 1087 1583 thronum
1113 1551 1274 1593 stupuisti,

202 1598 248 1630 Et
271 1601 418 1640 pastores
443 1598 551 1638 gaudii
894 1596 972 1630 Cum
997 1598 1038 1631 ad
1064 1599 1132 1631 nati
1159 1598 1322 1631 dexteram

252 1648 351 1678 testes
377 1646 539 1686 recepisti.
939 1655 1135 1687 conregnans
1160 1647 1284 1680 sedisti.

148 1733 181 1765 3.
207 1732 271 1764 Per
294 1736 361 1764 tres
385 1741 494 1774 magos
520 1733 669 1774 gaudium
835 1734 868 1766 6.
893 1734 981 1774 Ergo
1007 1743 1066 1775 per
1090 1734 1171 1766 haec
1194 1734 1320 1775 gaudia,

255 1780 383 1813 tertium
408 1781 583 1826 sumpsisti,
940 1786 1044 1814 mater
1066 1782 1173 1823 magni
1197 1782 1269 1822 Dei,

207 1828 390 1862 Aderantes
414 1837 549 1869 puerum
895 1830 1042 1863 Gloriosa
1069 1831 1205 1874 domina,

258 1877 332 1910 dum
356 1877 414 1909 hos
441 1878 636 1919 conspexisti
940 1882 1043 1911 mater
1067 1881 1197 1911 sanctae
1222 1879 1300 1921 spei,

205 1927 312 1966 Atque
335 1926 433 1958 trium
457 1935 622 1959 munerum
892 1928 990 1967 Apud
1015 1926 1121 1968 ipsum
1144 1935 1265 1959 memor
1289 1926 1344 1968 sis,

258 1983 368 2007 causas
392 1974 605 2016 perpendisti,
939 1983 1005 2017 oro,
1031 1983 1157 2016 precor,
1184 1975 1247 2008 mei

208 2023 364 2066 Regnum,
391 2025 535 2067 mortem,
560 2023 693 2064 gloriam
892 2023 1010 2064 Meque
1035 2023 1207 2056 reconcilia

251 2070 321 2104 nati
345 2071 521 2106 coniecisti.
940 2071 1010 2104 sine
1033 2070 1097 2104 fine
1122 2073 1162 2105 ei.

209 2157 299 2187 Scala
319 2158 394 2187 caeli
416 2166 491 2186 saec.
508 2156 552 2186 14.
574 2168 618 2187 ex.
646 2158 717 2187 Cod.
731 2158 856 2196 Pragen.
870 2158 946 2187 XIII
958 2157 986 2186 E
1001 2156 1028 2187 3.
1043 2158 1077 2185 A.
1144 2159 1224 2187 Orat.
1244 2165 1297 2184 ms.
1314 2155 1449 2184 Oarthus.

131 2197 365 2226 Hildesheimen.
387 2205 464 2225 saec.
477 2195 521 2225 15.
544 2196 613 2226 Cod.
633 2197 784 2233 Iosephini
801 2197 1029 2225 Hildesheimen.
1044 2194 1062 2224 3
1075 2194 1121 2233 (6).
1143 2197 1196 2224 B.-
1220 2211 1230 2215 -
1251 2193 1276 2229 2,
1291 2192 1311 2223 4
1331 2194 1450 2223 edidisti

129 2237 163 2265 B.
179 2251 219 2255 —
238 2233 263 2271 2,
280 2235 297 2264 5
311 2235 392 2264 Pura
407 2244 514 2272 purum
526 2245 650 2274 puerum
666 2236 699 2265 B.
713 2250 753 2255 —-
766 2233 793 2271 3,
808 2233 826 2264 3
841 2236 914 2265 Cum
929 2238 1046 2264 orantes
1059 2243 1183 2272 puerum
1194 2235 1229 2261 B.
1244 2248 1282 2252 —-
1295 2230 1322 2266 3,
1336 2232 1356 2261 4
1368 2234 1449 2269 ipsos

130 2276 312 2312 conspexisti
332 2275 365 2303 B.
394 2291 431 2295 —
457 2272 483 2309 3,
505 2273 522 2303 5
543 2275 583 2303 Et
602 2277 661 2303 tres
682 2276 771 2303 trium
790 2276 824 2304 B.
846 2290 880 2294 —
903 2272 929 2309 3,
951 2272 969 2302 8
990 2274 1106 2312 quando
1128 2272 1249 2301 iacuisti
1270 2273 1302 2300 B.
1323 2287 1361 2292 —
1380 2270 1408 2306 4,
1431 2270 1449 2299 2

130 2315 299 2344 confinxisti
312 2313 348 2342 A.
364 2329 401 2334 —-
422 2312 449 2349 4,
463 2311 482 2342 3
495 2315 588 2342 risum
602 2314 752 2352 proprium
766 2313 799 2341 Β,
815 2328 852 2333 —-
871 2311 899 2348 4,
914 2312 931 2342 5
944 2313 990 2342 Eo
1005 2314 1142 2379 surffente
1155 2310 1215 2340 fflio
1232 2312 1263 2340 B.
1277 2325 1316 2330 —-
1336 2309 1363 2345 4,
1378 2308 1395 2338 6
1416 2313 1449 2338 tu

131 2354 346 2383 consurrexisti
358 2354 392 2382 Β.
406 2368 445 2374 -
465 2351 493 2388 4,
508 2352 525 2381 7
546 2353 587 2381 Et
606 2354 772 2390 surgentem
792 2352 885 2381 filium
898 2352 931 2380 B.
949 2367 985 2372 —
1004 2351 1033 2386 4,

130 2390 157 2427 5,
178 2390 196 2421 3
216 2393 258 2421 Et
277 2401 364 2430 quem
384 2394 418 2421 tu
436 2393 471 2421 B.
492 2407 529 2412 —
550 2390 576 2427 5,
597 2390 616 2420 8
635 2391 786 2429 regnantis
806 2392 841 2421 B.
863 2406 898 2411 —-
921 2390 978 2419 Str.
999 2389 1016 2419 6
1037 2390 1111 2418 fehlt
1130 2390 1164 2417 B.

1086 2351 1253 2387 amplexata
1265 2350 1350 2378 fuisti
1362 2350 1396 2378 B.
1411 2362 1449 2368 —-
