1651 2606
219 274 274 307 15.

218 513 271 546 20.

214 750 270 785 25.

215 991 272 1024 30.

730 82 987 118 ——115—

300 178 449 211 Animam
473 188 575 212 meam
600 180 800 222 maculando,

298 226 369 258 Tua
399 227 551 260 mandata
574 237 638 261 non
662 230 830 270 servando,

302 273 367 305 Sed
393 277 425 306 et
448 277 590 315 peccatis
615 276 830 320 adhaerendo,

298 321 429 354 Diutius
454 322 504 355 his
528 323 705 356 insistendo

299 368 354 402 Sic
378 371 557 403 contrarius
583 372 642 404 tibi
668 370 772 404 factus

298 417 440 459 Propter
462 427 549 452 meos
573 419 673 451 malos
699 421 797 459 actus,

298 465 381 507 Heu,
409 466 480 506 heu,
504 469 536 499 te
561 475 658 507 saepe
683 466 810 510 offendi,

294 513 350 546 Me
362 517 473 547 contra
479 515 602 547 hostem
614 523 677 546 non
689 513 829 548 defendi.

300 561 449 600 Quamvis
467 565 583 600 tamen,
603 561 730 595 Christe
747 571 829 602 care,

299 608 371 641 Non
398 609 456 641 sim
484 609 607 650 dignus,
634 612 670 641 ut
692 609 816 642 intrare

297 656 828 702 Dignerisdomummeamfoedam,

297 704 512 738 Immunditiis
538 705 646 737 multis
670 706 808 747 plenam,

298 751 345 784 Te
367 752 481 785 invoco
508 755 540 784 et
562 752 710 796 imploro,

297 799 554 833 Misericordiam
579 801 689 845 adoro,

298 847 345 882 Ut
368 848 453 880 sicut
477 848 635 889 quondam
662 848 802 889 voluisti,

300 895 381 929 Cum
406 895 617 935 corporaliter
642 896 762 934 vixisti,

297 944 426 976 Intrare
452 943 560 976 domos
586 945 789 983 peccatorum

299 990 342 1023 Et
366 989 479 1032 fugare
502 993 609 1032 pestes
634 991 757 1030 horum,

300 1038 431 1071 Claudis
456 1047 599 1079 gressum
623 1038 804 1078 reparando

902 326 956 358 35.

902 563 957 597 40.

900 801 957 835 45.

901 1038 957 1072 50.

982 180 1026 214 Et
1051 189 1162 213 caecos
1187 180 1404 226 illuminando,

981 227 1157 263 Pestiferos
1182 229 1431 269 redintegrando

981 277 1027 310 Et
1049 280 1192 309 mortuos
1217 276 1446 321 resuscitando,

984 324 1038 358 Sic
1062 333 1112 356 me
1136 324 1316 357 misericors
1343 327 1375 355 et
1399 323 1491 357 fortis

985 372 1177 412 Participem
1211 371 1264 404 fac
1288 372 1380 404 huius
1405 373 1512 412 sortis,

983 419 1077 453 Licet
1100 420 1158 451 sim
1179 422 1331 461 peccator
1355 428 1439 462 vere,

984 467 1032 500 Tu
1056 468 1119 499 mei
1143 470 1248 500 tamen
1272 468 1434 509 miserere,

984 516 1030 550 Ut
1053 516 1190 556 sumptio
1218 515 1359 556 corporis
1384 515 1431 548 tui

980 562 1102 596 Taliter
1126 563 1203 595 mihi
1230 563 1323 595 detur
1347 562 1421 605 frui,

984 610 1073 651 Quod
1098 611 1202 643 sordis
1227 611 1270 643 sit
1294 609 1413 651 fugatio

982 658 1026 691 Et
1051 659 1158 691 cordis
1182 658 1245 691 mei
1270 659 1426 699 purgatio,

983 706 1154 739 Daemonis
1179 707 1339 748 alienatio,

983 753 1137 786 Sensuum
1164 754 1336 796 reparatio,

982 802 1019 834 In
1047 800 1137 833 bonis
1163 801 1352 834 confortatio

982 849 1027 881 Et
1047 848 1082 880 in
1107 848 1157 881 his
1179 849 1406 889 perseveratio,

983 896 1029 929 Ut
1054 905 1074 927 a
1098 898 1130 927 te
1155 906 1219 928 non
1243 896 1399 938 separari,

982 943 1048 976 Sed
1071 952 1197 984 semper
1222 943 1282 975 tibi
1306 942 1456 975 famulari

980 990 1120 1031 Merear,
1146 990 1264 1022 sanctis
1288 990 1414 1030 sociari,

983 1038 1113 1071 Faciem
1136 1042 1224 1071 tuam
1248 1038 1467 1079 contemplari.

280 1103 352 1131 Olm.
371 1104 526 1132 Monacen.
545 1102 594 1140 (01.
614 1102 765 1139 Tegurin.)
784 1101 820 1132 19
829 1101 894 1132 636.
916 1111 992 1132 saec.
1014 1101 1059 1132 15.

549 1204 603 1237 108
613 1214 640 1236 a.
673 1204 763 1237 Infra
784 1205 992 1238 elevationem
1012 1208 1150 1247 eorporis

711 1253 826 1285 Christi
845 1252 1008 1286 salutatio.

598 1326 678 1366 Ave,
704 1326 819 1357 mirum
843 1327 1085 1364 sacramentum,

597 1373 794 1414 Angelorum
818 1373 1057 1413 nutrimentum,

598 1421 679 1461 Ave,
704 1421 798 1461 panis
823 1421 998 1453 animarum

601 1468 758 1509 Salusque
778 1469 1021 1508 salvandarum,

600 1516 692 1558 Veni,
718 1526 832 1549 munus
856 1516 1042 1557 pretiosum,

603 1564 725 1604 Corpus
750 1565 869 1598 Christi
892 1565 1076 1605 gratiosum,

598 1613 667 1647 Fac
690 1621 741 1644 me
767 1613 862 1653 digne
886 1614 919 1644 te
944 1615 1083 1655 gustare,

599 1662 638 1694 In
663 1661 799 1693 salutem
823 1661 1025 1703 manducare,

601 1709 727 1742 Nomen
751 1712 840 1741 tuum
862 1708 903 1741 ob
929 1707 1085 1741 famosum

599 1756 727 1790 Pariter
751 1759 784 1788 et
805 1757 976 1796 gloriosum

601 1804 826 1838 venerandum
852 1808 883 1836 et
910 1805 1059 1837 decorum

602 1853 737 1886 Saecula
759 1862 819 1894 per
844 1853 1052 1885 saeculorum.

278 1920 399 1948 Collect-
420 1928 477 1947 ms.
500 1919 713 1956 Hospitalense
732 1928 808 1948 saec.
834 1916 878 1947 15.
920 1919 989 1947 Cod.
1009 1918 1206 1947 Vindobonen
1224 1914 1311 1945 4347.

542 2011 630 2044 10811.
661 2011 750 2044 Infra
769 2011 980 2045 elevationem
1000 2010 1174 2052 sanguinis.

601 2086 682 2126 Ave,
709 2085 837 2126 sanguis
862 2085 935 2118 Iesu
961 2084 1089 2125 Christi,

603 2134 654 2166 Ex
685 2133 772 2166 cuius
798 2134 900 2166 latere
925 2132 1045 2165 finxisti

602 2183 706 2215 Fusus
731 2190 791 2222 pro
815 2191 866 2214 me
890 2184 1070 2222 peccatore,

603 2230 692 2262 Tuae
716 2229 868 2262 bonitatis
894 2238 968 2262 rore

603 2278 693 2311 Lava
715 2286 766 2310 me
790 2287 810 2310 a
835 2277 1020 2311 criminibus

604 2325 780 2368 Coniugens
808 2326 890 2359 caeli
913 2325 1101 2367 agminibus.

280 2394 399 2424 Collect.
421 2402 474 2422 ms.
500 2393 712 2430 Hospitalense
732 2401 808 2422 saec.
831 2391 876 2423 15.
918 2392 988 2422 Cod.
1007 2390 1176 2420 vindobon.
1195 2385 1281 2416 4347.

1309 2431 1348 2465 8*
