1651 2606
152 249 181 280 1.

146 411 178 444 2.

148 570 179 603 3,

657 69 909 107 —182—-2

549 167 606 198 178.
635 166 678 197 De
699 164 753 196 VIl
774 161 901 195 Gaudiis
921 162 1009 194 BMV.

210 247 331 288 Gaude,
358 248 457 286 stirpe
481 246 564 288 regis
589 248 673 283 nata,

206 295 257 327 Ab
283 295 394 334 angelo
419 294 555 326 salutata

250 342 300 374 De
323 341 451 382 superni
475 339 593 371 nuntio.

207 408 329 449 Gaude,
354 407 418 440 fide
441 405 618 445 gravidata,

204 456 296 489 Novo
321 454 521 494 privilegiata

253 504 366 535 Partus
390 501 566 541 privilegio.

206 568 327 607 Gaude,
352 566 459 599 fructu
485 567 644 606 decorata,

204 616 319 647 Tribus
344 613 443 655 magis
467 614 601 646 adorata

252 662 346 703 Signo
372 661 484 693 stellae
508 661 650 703 praevio,

205 728 326 767 Gaude,
353 727 458 760 Maria
479 728 582 767 beata,

203 776 383 807 Admodum
412 775 584 807 laetificata

246 823 443 863 Resurgente
465 822 541 856 filio.

829 243 860 275 5.
889 241 1011 282 Gaude,
1038 241 1127 282 virgo
1154 242 1314 283 decorata,

885 289 944 323 Cui
970 292 1018 321 est
1041 288 1246 322 manifest-ata

931 336 1085 369 Eiusdem
1115 337 1269 369 ascensio.

827 405 858 438 6.
886 402 1007 443 Gaude,
1034 406 1144 436 sancto
1170 403 1333 436 consolata

886 451 1018 492 Spiritu,
1041 452 1197 484 irradiata

932 498 1014 531 Suae
1038 499 1118 531 lucis
1140 500 1242 533 radio.

826 567 857 598 7.
884 565 1007 609 Gaude,
1033 567 1281 606 superexaltata,

883 614 921 646 In
948 622 1043 646 carne
1067 613 1255 655 glorificata,

930 661 1072 702 Recepta
1096 670 1165 693 cum
1188 661 1265 695 filio.

825 728 855 760 8.
884 729 946 760 Per
973 729 1053 760 haec
1077 728 1194 768 gaudia
1218 731 1344 761 sacrata

881 774 970 807 Mala
993 778 1106 808 nostra
1129 775 1196 808 sint
1219 776 1329 808 ablata

929 822 998 855 Tuo
1023 824 1211 865 patrocinio.

482 891 513 922 9.
541 888 658 921 Sancta
683 892 714 920 et
738 890 949 930 immaculata,

540 936 604 969 Per
630 940 664 968 te
687 936 779 968 nobis
802 945 868 976 pax
894 937 938 969 sit
964 938 1039 970 data

586 984 630 1016 Et
656 984 814 1017 caelorum
838 985 970 1017 mansio.

207 1058 286 1086 Orat.
307 1067 360 1085 ms.
380 1058 488 1086 Italum
508 1066 584 1086 saec.
606 1056 651 1086 15.
690 1058 760 1086 Coa.
781 1058 810 1087 S.
831 1060 943 1096 Ignatii
961 1059 1125 1088 Londinen.
1146 1069 1168 1088 s.
1189 1069 1218 1087 n.

550 1206 610 1237 179.
639 1208 683 1239 De
704 1207 760 1239 VII
780 1207 905 1240 Gaudfis
927 1208 1014 1241 BMV.

172 1312 180 1319 .
206 1287 285 1325 Ave,
310 1287 398 1327 virgo
423 1287 590 1330 virginum,

206 1335 286 1373 Ave,
313 1334 397 1366 salus
422 1334 592 1372 hominum,

206 1381 342 1423 Ancilla,
370 1390 450 1421 quae
474 1382 642 1413 Dominum

256 1428 411 1470 Genuisfi,
437 1429 535 1470 virgo,
562 1430 681 1469 gaude3

206 1477 285 1515 Ave,
311 1484 420 1507 verum
445 1477 603 1517 gaudium,

205 1525 305 1555 Amor
330 1526 361 1554 et
386 1523 548 1565 solacium,

209 1569 258 1602 Sis
283 1570 358 1602 mihi
385 1571 575 1611 principium

251 1618 295 1650 Et
318 1617 389 1650 finis
413 1620 447 1651 in
472 1621 526 1651 tua
549 1619 653 1652 laude.

206 1674 311 1714 Pater,
338 1675 479 1716 verbum,
505 1677 636 1717 spiritus

206 1723 296 1753 Assit
319 1722 395 1754 mihi
420 1724 551 1755 caelitus

251 1769 296 1801 Et
316 1772 362 1809 tu,
387 1771 482 1811 plena
505 1771 637 1813 gratiae,

206 1816 252 1849 Ut
275 1816 316 1849 ad
340 1820 427 1849 tuum
452 1818 577 1850 libitum

205 1863 254 1896 Sit
278 1873 333 1896 cor
359 1874 461 1896 meum
488 1866 639 1907 deditum,

207 1911 357 1944 Reddens
381 1912 441 1944 tibi
467 1912 605 1944 debitum

253 1959 374 1991 Laudis
400 1963 432 1991 et
454 1959 605 1993 laetitiae.

175 2042 181 2048 .
210 2015 344 2058 Gaudia,
371 2016 482 2056 quibus
506 2017 577 2056 plus
603 2017 731 2057 gaudae,

205 2063 362 2103 Honores,
392 2064 536 2104 virtutes,
561 2064 672 2096 laudes

252 2111 365 2143 Dicam
390 2111 458 2143 Deo
484 2116 641 2143 annuente

256 2158 369 2198 Corde,
394 2160 511 2201 lingua,
538 2167 623 2198 voce,
641 2162 756 2194 mente,

206 2207 345 2238 Primum
374 2207 522 2247 gaudium
549 2207 589 2239 de
614 2207 709 2239 caelis

205 2255 302 2286 Venit
326 2263 381 2286 ore
406 2254 577 2297 Gabrielis,

253 2302 343 2335 Voce
374 2302 508 2335 dicentis
531 2310 660 2335 serena:

250 2350 331 2390 Ave,
362 2353 397 2382 tu
421 2351 525 2391 gratia
548 2350 654 2391 plena.

828 1290 861 1321 4.
886 1289 948 1320 Per
972 1289 1034 1321 hoc
1058 1291 1205 1330 gaudium
1230 1298 1410 1334 precamur,

886 1336 945 1375 Qui
970 1337 1054 1369 hunc
1077 1347 1184 1379 regem
1208 1346 1408 1379 veneramur,

931 1384 1061 1417 Habere
1084 1386 1269 1426 propitium,

883 1431 931 1463 Ut
955 1432 994 1464 ab
1021 1441 1057 1464 eo
1081 1438 1294 1476 protegamur,

886 1478 1027 1512 Protecti
1052 1480 1245 1521 recipiamur

929 1527 968 1559 In
998 1530 1086 1560 terra
1110 1530 1294 1562 viventium.

851 1623 858 1631 .
883 1599 1030 1631 Secunda
1053 1599 1177 1632 laetitia

882 1646 958 1678 Fmt
983 1651 1070 1679 ortus
1093 1648 1205 1680 nuntia

930 1695 1063 1735 Angelis
1089 1696 1293 1729 canentibus:

882 1742 918 1774 In
946 1743 1079 1775 excelsis
1104 1744 1215 1784 gloria.

884 1789 1011 1821 Norunt
1035 1791 1186 1823 animalia

884 1836 985 1868 Deum
1011 1839 1043 1870 in
1068 1841 1258 1879 praesaepia

930 1884 1079 1917 Testibus
1104 1888 1297 1926 pastoribus.

849 1978 857 1985 .
884 1955 909 1987 O
937 1955 1052 1994 Maria,
1076 1961 1180 1991 mater
1202 1960 1266 2000 pia,

882 2002 962 2033 Esto
990 2004 1081 2036 nobis
1107 2009 1196 2038 recta
1220 2009 1273 2040 via

933 2052 1029 2091 Apud
1054 2054 1142 2085 tuum
1166 2053 1267 2087 filium

883 2099 990 2136 Atque
1014 2109 1072 2140 pro
1098 2105 1153 2134 tua
1177 2105 1280 2143 gratia

886 2144 1009 2178 Cuncta
1029 2148 1114 2188 pelle
1137 2151 1217 2184 vitia

932 2193 994 2225 Per
1018 2198 1192 2230 secundum
1216 2201 1376 2240 gaudium.

851 2283 860 2291 .
884 2260 963 2292 Post
985 2265 1158 2297 secundam
1182 2269 1279 2300 tertia

884 2308 962 2341 Fuit
985 2311 1080 2343 stella
1102 2315 1200 2356 regia,

930 2355 1043 2398 Magos
1070 2368 1140 2392 cum
1164 2362 1348 2396 muneribus
