1651 2606
137 192 193 226 19.

136 487 191 521 20.

134 779 191 811 21.

138 1074 192 1105 22.

140 1366 194 1398 23.

142 1659 197 1690 24.

645 90 901 128 —214—

218 192 267 225 Tu
275 192 479 234 praegnando
491 194 624 225 mortem
629 190 743 230 calcas,

265 241 360 272 vitam
389 241 508 272 donans
533 239 668 277 saeculo,

217 288 267 320 Tu
292 288 447 329 gignendo
471 289 579 319 natum
604 284 704 317 falcas

267 336 398 367 crimina
422 343 490 366 cum
517 332 647 372 calculo,

217 384 266 415 Tu
290 381 426 414 fovendo
452 381 611 413 Christum
633 379 743 419 saltas,

264 430 403 469 gaudens
429 429 494 460 eius
519 427 608 460 solio.

216 487 265 518 Tu
290 486 331 517 ad
358 485 501 517 dextram
524 484 587 516 Dei
610 483 712 524 patris

262 535 346 565 astas
371 535 472 564 mater
496 531 570 574 filio,

216 580 265 612 Tu
289 581 331 612 ad
355 588 473 611 morem
497 580 572 618 piae
593 579 704 611 matris

264 627 410 659 condoles
437 627 557 668 exsilio,

215 675 265 707 Tu
289 677 444 706 assertum
467 674 620 706 trinitatis

264 722 377 753 edoces
404 721 543 755 consilio,

216 778 317 811 Iudex
343 786 402 818 per
424 781 457 810 te
479 778 643 819 mitigatur

264 826 345 870 vivo,
373 825 466 857 simul
490 828 623 866 mortuo,

216 873 317 906 Iudex
338 874 371 905 in
396 876 430 904 te
455 874 670 913 complacatur

263 929 316 952 reo
342 922 408 952 toto
433 921 589 959 morbido,

218 968 320 1000 Iudex
344 971 445 999 tecum
474 968 654 1000 consolatur

265 1023 483 1055 compassurus
508 1015 635 1055 populo.

219 1072 265 1103 Te
291 1080 374 1113 ergo,
403 1072 537 1103 clemens
563 1080 580 1103 0
597 1075 742 1112 patrona,

266 1127 461 1158 quaesumus,
492 1127 575 1150 1111110
599 1119 742 1159 subveni,

217 1165 258 1198 Se
281 1166 356 1197 hinc
382 1167 519 1206 demenS,
546 1176 564 1199 0
589 1170 742 1207 1110110110,

265 1212 355 1245 offert
385 1216 492 1245 tantae
518 1214 647 1253 consuli,

221 1261 262 1293 Se
286 1260 360 1292 hinc
383 1269 503 1300 01110110,
530 1270 547 1293 o
574 1270 692 1293 corona

265 1308 431 1349 virginum,
458 1308 526 1340 vult
552 1308 655 1348 dirigi.

221 1365 361 1396 Aeterna
385 1366 437 1404 qui
463 1373 495 1397 es
519 1365 673 1397 Dominus

265 1413 336 1443 luce
359 1413 460 1443 trinus
483 1422 572 1456 unus,

219 1460 357 1490 Aeterna
381 1459 582 1491 nihilominus

266 1506 341 1543 vita,
367 1506 428 1549 via,
455 1515 566 1538 munus

219 1554 391 1585 Aeternum
417 1554 459 1585 sis
484 1554 516 1585 in
541 1554 651 1594 gloria,

268 1599 401 1640 Christe,
431 1601 612 1640 largiturus.

223 1657 348 1689 Salvum
375 1658 475 1690 redde
498 1659 673 1699 supplicem

267 1706 417 1745 populum
443 1708 474 1737 et
497 1706 582 1748 audi,

221 1752 325 1794 Salva,
352 1753 476 1795 victrix,
502 1754 661 1793 triplicem

265 1808 399 1839 pugnam
427 1803 459 1831 et
483 1801 607 1841 exaudi,

223 1846 329 1879 Solum
356 1850 428 1879 tuae
453 1847 563 1880 famuli

269 1895 345 1926 dent
365 1898 471 1927 votum
497 1904 591 1928 verae
612 1896 708 1931 laudi.

819 189 874 222 25.

815 484 870 516 26.

813 778 869 812 27.

814 1074 870 1106 28.

814 1368 868 1399 29.

815 1662 870 1694 30.

901 188 946 220 Et
968 188 1028 220 hos
1054 197 1137 229 rege,
1163 184 1299 220 benedic

945 238 1049 268 rectos
1075 238 1107 267 te
1133 235 1295 275 collentes,

897 283 941 315 Et
967 283 1084 316 extolle
1109 292 1204 315 manu
1228 282 1275 314 sic

944 330 1002 363 hos
1026 329 1092 363 fide
1116 332 1200 363 inter
1225 333 1345 370 gentes,

895 379 939 411 Et
964 379 1049 411 hosti
1073 380 1183 411 nostro
1209 377 1358 418 maledic,

943 435 1056 459 secura
1078 436 1136 458 nos
1160 427 1319 459 timentes.

897 485 958 517 Per
985 484 1125 524 singulos
1152 484 1220 516 dies
1245 486 1288 524 te,

944 532 1091 572 clemens,
1119 531 1347 571 benedicimus,

895 580 958 611 Per
987 580 1128 619 singulas
1153 583 1263 612 noctes
1287 582 1330 623 te,

943 627 1006 667 pia,
1033 625 1146 659 flentes
1171 627 1318 668 petimus,

895 675 959 707 Per
983 675 1124 714 singulas
1150 675 1255 715 horas,
1281 685 1300 708 0

946 722 1057 761 dulcis,
1084 722 1143 754 tibi
1167 723 1330 763 gemimus.

894 778 939 810 Et
961 779 1128 812 laudamus
1151 788 1267 811 nomen
1292 783 1380 812 tuum

942 834 1069 866 semper
1094 830 1126 858 et
1149 826 1183 858 in
1208 835 1331 869 aevum,

895 874 939 906 Et
961 874 1129 906 laudamus
1153 878 1282 914 partum
1303 878 1403 915 tuum,

943 924 977 952 ut
1002 921 1047 953 nil
1077 922 1117 953 sit
1142 922 1234 954 nobis
1260 931 1400 965 saevum,

894 968 940 1000 Et
962 969 1147 1002 laudantem
1171 971 1294 1002 vultum
1317 974 1407 1002 tuum

942 1025 1004 1048 non
1031 1015 1084 1048 fac
1108 1020 1182 1049 nato
1208 1018 1345 1051 laevum.

895 1073 1048 1115 Dignare,
1077 1074 1200 1117 domna,
1229 1077 1314 1107 omni
1337 1075 1419 1108 hora

942 1129 1001 1163 per
1026 1123 1159 1162 gratiam
1186 1125 1218 1154 te
1245 1131 1387 1163 cernere,

895 1168 1037 1209 Dignare
1061 1179 1117 1201 nos
1142 1169 1277 1203 laudare
1302 1173 1335 1203 te

945 1218 977 1246 et
985 1220 1091 1249 votum
1100 1227 1258 1257 nunquam
1265 1227 1427 1263 spernere,

896 1262 1039 1304 Dignare
1061 1274 1118 1296 nos
1145 1266 1278 1318 colendo
1304 1269 1337 1298 te

943 1314 1013 1342 tuos
1037 1312 1145 1345 hostes
1170 1316 1323 1347 sternere.

896 1367 1052 1400 Miserere
1076 1369 1212 1410 miseris,

943 1415 1054 1454 regina
1079 1417 1275 1457 clementiae,

894 1462 1061 1505 Miserere,
1094 1464 1210 1496 diceris

942 1512 1044 1542 mater
1068 1511 1294 1553 indulgentiae,

895 1557 1053 1590 Miserere
1077 1559 1213 1591 miserae

945 1605 1070 1637 delictis
1096 1607 1324 1648 neglegentiae.

897 1662 971 1694 Fiat
994 1663 1218 1697 misericordia

943 1709 1044 1751 nobis,
1070 1714 1106 1743 ut
1130 1721 1304 1754 speramus,

897 1756 972 1789 Fiat
996 1757 1218 1792 benevolentia

944 1805 1045 1846 nobis,
1073 1808 1125 1846 qui
1152 1808 1335 1850 clamamus,

898 1851 973 1885 Fiat
998 1856 1029 1884 et
1054 1854 1221 1887 clementia

943 1900 1044 1943 nobis,
1075 1906 1110 1933 111
1134 1911 1283 1936 amamus.

209 1959 278 1987 cod.
299 1960 437 1987 Graecen.
463 1958 527 1988 347.
553 1968 627 1989 saec.
655 1959 698 1989 14.
726 1978 761 1982 —
787 1960 817 1997 3,
840 1962 857 1991 2
883 1965 951 1992 sint.
970 1979 1009 1984 ——
1029 1965 1054 2000 5,
1075 1965 1095 1994 4
1114 1968 1370 1998 sanctificatorum.

129 1997 175 2033 15,
197 1996 214 2024 2
234 1998 346 2034 Spiritu
372 2001 476 2025 tamen.
502 2012 539 2017 —
566 1998 614 2034 15,
635 1998 655 2027 4
674 1999 786 2036 Spiritu
812 2004 927 2030 terram.
954 2019 991 2024 -——
1013 2003 1057 2041 15,
1078 2003 1096 2032 6
1117 2005 1230 2043 Spiritu
1250 2016 1369 2037 summe.
1391 2025 1427 2029 —

125 2035 170 2071 19,
190 2034 211 2063 4
230 2038 339 2064 crimen
359 2044 431 2064 011111.

446 2158 655 2207 Nachtrage
680 2161 755 2198 und
782 2160 1107 2215 Berichtigungen.

126 2228 178 2255 Nr.
199 2225 246 2260 44,
267 2226 390 2255 welches
407 2227 457 2254 bei
474 2227 564 2255 Mene
582 2227 606 2260 1,
626 2225 682 2257 356
701 2232 786 2258 unter
807 2230 870 2259 dem
891 2232 1025 2271 Anfange
1053 2235 1191 2272 „Quanta
1208 2238 1283 2267 mihi
1304 2248 1375 2267 eura
1394 2240 1431 2269 de

201 2263 247 2292 te“
276 2273 329 2293 aus
358 2267 438 2293 einer
456 2265 633 2293 Karlsruher
653 2267 708 2295 Hs.
736 2269 893 2304 mitgeteilt
919 2273 971 2304 ist,
999 2273 1051 2301 hat
1078 2274 1165 2304 0110111
1186 2277 1334 2305 Anschein
1353 2279 1429 2307 nach

201 2304 351 2331 Thomas
372 2313 391 2331 a
409 2304 554 2339 Kempis
575 2313 641 2332 zum
655 2305 816 2335 Verfasser.
848 2308 1002 2338 Ebendort
1013 2312 1068 2341 lies
1084 2313 1109 2347 1,
1122 2313 1141 2342 6
1155 2316 1247 2350 exsul,
1262 2317 1294 2343 ni
1306 2317 1430 2346 fluctues

204 2344 276 2370 statt
294 2343 326 2368 in
345 2342 436 2370 fluctu
456 2351 496 2370 es.

126 2383 176 2410 Nr.
200 2378 245 2408 23.
268 2378 292 2415 1,
315 2378 332 2407 2
352 2380 406 2408 lies
426 2381 539 2417 Regum
559 2389 611 2409 rex
630 2384 702 2411 statt
719 2384 854 2421 Regnum
873 2394 932 2413 rex.
