1653 2608
693 82 949 117 —199-

230 174 312 203 Orat.
340 185 395 204 ms.
427 176 526 206 Carth.
556 177 778 215 Erphesfurten.
803 187 878 207 saec.
906 177 949 207 15.
989 179 1059 207 Cod.
1086 178 1222 207 Rossian.
1248 181 1323 209 vm
1348 179 1392 214 56,
1426 189 1464 208 an

154 215 228 242 zwei
264 213 390 249 Stellen,
431 216 457 243 A
496 215 557 244 und
590 217 624 245 B.
663 232 702 236 —
740 218 822 247 Orat.
862 226 915 245 ms.
955 218 1154 252 Salisburgen.
1194 226 1268 246 saee.
1304 216 1348 246 15.
1394 218 1463 246 Cod.

156 251 268 280 Scotor.
288 252 487 282 Vindobonen
514 252 552 281 52
572 255 591 282 d
613 253 646 283 11
669 256 700 284 C.
720 271 757 275 —
779 255 860 283 Orat.
880 265 935 284 ms.
956 256 985 284 S.
1007 256 1118 284 Mariae
1138 255 1175 283 ad
1196 255 1298 284 Scotos
1320 264 1395 284 saec.
1418 254 1463 284 15.

155 290 225 318 Cod.
255 290 368 318 Scotor.
390 292 595 321 Vindobonen.
616 291 652 321 55
673 301 691 330 g
714 292 750 322 14
768 294 806 322 D.
826 310 864 314 —
883 295 985 322 Horae
1003 295 1035 323 B.
1057 294 1096 321 M.
1117 294 1153 321 V.
1174 302 1231 321 sec.
1252 303 1336 322 usum
1357 294 1463 321 Roma-

154 338 225 356 num
251 329 382 357 totaliter
405 331 442 358 ad
467 331 588 367 longum
614 333 678 360 sine
705 334 812 368 require
832 333 901 368 imp.
922 333 1047 361 Parisiis
1066 332 1248 367 (Hardouyn)
1268 342 1291 360 s.
1313 341 1339 360 a.
1359 329 1462 367 (1531).

154 367 189 394 E.
211 381 248 386 —-
267 367 351 395 Miss.
372 368 539 398 Romanum
558 371 628 406 imp.
648 371 772 399 Parisiis
792 371 924 406 (Kerver)
944 369 1025 399 1529.
1046 386 1083 391 -—
1103 370 1246 398 Hor-tulus
1261 372 1377 398 animae
1393 371 1462 406 imp.

152 405 374 472 ἕθιέθῧῦἕςῆε
394 405 477 436 1519.
499 407 533 437 G.
552 423 592 428 —
611 409 690 437 Orat.
716 418 769 437 ms.
789 408 978 437 Lehninense
998 409 1068 437 anni
1089 406 1172 437 1518.
1206 409 1276 437 Cod.
1296 408 1462 437 Berolinen.

230 492 354 521 Femer:
381 494 467 522 Brev.
495 503 549 522 ms.
576 495 763 522 Tornacense
793 503 869 522 saec.
899 493 942 522 14.
982 495 1050 523 Cod.
1075 496 1235 523 Tornacen.
1263 494 1343 523 XXL
1365 493 1404 521 Η.
1425 508 1462 512 —

154 531 241 559 Brev.
255 530 465 560 Arremarense
481 540 557 560 saec.
574 530 617 559 15.
653 532 722 560 Cod.
743 533 869 561 Parisin.
892 531 974 561 1063.
994 534 1017 561 I.
1038 547 1075 553 ——
1097 532 1176 560 Orat.
1197 542 1250 561 ms.
1273 533 1465 561 cisterciense

154 576 230 597 saec.
264 567 307 597 15.
349 569 419 598 Cod.
445 570 661 599 Darmstadien.
690 568 772 598 1228.
799 571 836 598 Κ.
861 586 898 590 -
928 571 1007 599 Orat.
1031 580 1084 599 ms.
1105 571 1296 600 Gebennense
1321 578 1396 599 saec.
1418 568 1463 597 15.

156 606 226 635 Cod.
242 607 378 635 Vatican.
391 608 520 636 Palatin.
535 606 601 637 540.
618 609 654 636 L.
675 624 712 628 —
732 610 812 638 Orat.
826 618 880 637 ms.
901 618 976 637 saec.
993 609 1036 638 15.
1062 609 1131 637 Cod.
1147 609 1297 637 Colonien.
1312 607 1357 637 91.
1371 608 1411 636 M.
1428 623 1463 627 —

155 646 235 674 Orat.
261 654 315 673 ms.
336 654 411 673 saec.
435 645 478 674 15.
520 645 588 674 Cocl.
610 647 791 676 Avenionen.
812 656 835 674 s.
855 657 883 675 n.
905 649 941 676 N.
963 662 1000 667 —-
1020 650 1099 678 Orat.
1121 657 1175 676 ms.
1197 647 1459 676 Windeshemense

153 686 223 711 anni
245 681 327 711 1508.
359 684 427 712 Cod.
450 682 524 712 7955
542 684 593 712 der
606 685 671 713 KK.
685 686 923 714 Familien-Bibl.
940 687 1036 715 Wien.
1052 686 1085 714 O.
1099 702 1137 705 —
1151 686 1221 714 Cod.
1236 686 1409 714 Casanaten.
1423 686 1461 713 D.

151 722 180 749 V
205 720 242 750 26
268 719 348 757 (311)
374 731 451 750 saee.
477 721 522 751 15.
548 723 582 751 P.
602 738 639 742 —
661 724 880 752 Collectaneum
898 733 952 752 ms.
971 725 1182 762 Hospitalense
1208 732 1283 752 saec.
1306 722 1350 752 15.
1391 721 1461 751 God.

151 760 248 827 galat.
285 758 489 827 Vinffionen.
522 759 609 789 4347.
642 762 675 796 Q.
708 777 746 782 —-
781 762 912 790 Oration.
942 772 995 791 ms.
1022 764 1174 792 Patavien.
1202 771 1276 791 saec.
1299 760 1344 790 15.
1391 762 1462 789 God.

180 799 319 826 ott-vicen.
398 820 404 826 .
425 800 461 827 R.

227 845 424 875 Lesarten:
463 846 487 882 1,
515 845 533 874 2
553 848 594 875 Et
613 848 723 876 honore
742 849 776 876 B.
797 863 834 867 —
857 847 882 882 1,
903 847 921 877 3
944 848 1144 877 Transcendes
1161 849 1203 884 D3
1225 848 1461 877 Transscendens

151 885 190 919 B;
218 885 373 912 luciferum
394 885 425 913 Ο.
452 902 491 906 -
513 883 537 921 1,
559 884 577 913 6
596 895 750 915 munerum
768 886 801 915 F.
821 900 858 905 —
879 885 905 921 2,
931 886 946 915 1
968 894 1076 924 sponsa
1096 895 1165 914 cara
1183 887 1329 923 BDEFG;
1353 894 1462 922 sponsa

152 923 260 950 summi
280 923 318 958 03
340 925 475 960 speciosa
494 932 563 952 cara
581 925 616 952 A.
638 940 678 944 —
696 923 722 959 2,
746 923 764 952 2
783 925 860 953 Nam
878 928 912 953 ut
931 926 982 953 lux
1002 926 1083 953 clara
1095 925 1220 960 DFGH;
1241 926 1317 953 Nam
1330 927 1365 951 ut
1377 925 1461 952 clari-

151 963 197 988 tas
222 961 275 989 lux
301 961 331 989 G.
362 977 394 981 ——
424 960 450 996 2,
478 960 495 990 3
523 962 575 989 Sol
603 963 689 990 datur
712 964 750 991 D.
777 976 814 982 -—
839 961 865 995 2,
891 962 911 991 4
940 964 1042 991 urbem
1061 962 1127 997 AB;
1147 971 1216 990 vere
1235 963 1309 991 fehlt
1326 963 1367 998 A;
1389 963 1463 990 mihi

150 1008 222 1027 vere
249 1000 283 1027 B.
316 1015 352 1020 —
377 998 405 1035 2,
430 999 447 1028 5
472 1008 546 1037 paee
572 1000 603 1028 O.
631 1016 668 1020 —
693 998 720 1034 3,
746 999 762 1028 1
787 1008 841 1028 vas
867 1001 942 1029 fehlt
966 1002 999 1029 B.
1025 1015 1063 1021 -
1089 998 1116 1034 3,
1136 998 1155 1027 2
1180 1001 1272 1028 Cuius
1292 1009 1399 1037 parens
1420 1003 1465 1028 est

153 1037 270 1072 AOEF;
293 1038 383 1066 Cuius
404 1039 508 1067 sedens
530 1041 574 1066 est
592 1039 629 1066 D.
649 1053 686 1057 ——
707 1037 733 1074 3,
754 1037 774 1066 4
794 1041 823 1066 et
842 1039 958 1067 felicem
977 1038 1141 1067 BODEFG.
1163 1053 1200 1057 —
1219 1036 1245 1073 3,
1267 1037 1284 1066 6
1297 1040 1463 1067 Veneratur

153 1076 190 1103 D.
209 1089 247 1094 —-
266 1074 296 1110 4,
316 1073 334 1103 3
353 1077 459 1104 Iuncta
482 1078 523 1104 sis
546 1076 604 1105 OG.
623 1093 661 1097 —-
681 1076 708 1110 4,
728 1076 748 1105 4
769 1077 812 1106 Ut
833 1077 871 1105 ad
889 1081 994 1106 nutum
1012 1078 1079 1111 A13;
1101 1077 1186 1110 Quod
1206 1078 1244 1104 ad
1262 1085 1365 1105 vocem
1380 1076 1410 1103 C.
1424 1092 1462 1096 —

150 1112 177 1147 4,
200 1112 217 1142 5
243 1114 394 1151 Quidquid
412 1116 496 1152 virgo
516 1114 746 1152 ABODEFGH3
768 1116 934 1151 deprecaris
955 1117 987 1144 B.
1008 1131 1047 1135 —
1065 1112 1092 1148 4,
1114 1113 1131 1142 6
1158 1115 1349 1143 dilectissimo
1370 1114 1404 1141 A.
1425 1129 1462 1133 —

150 1151 208 1180 Str.
239 1149 256 1179 5
285 1153 346 1180 und
372 1151 390 1181 6
414 1153 584 1190 umgestellt
609 1153 673 1181 GH.
700 1169 736 1172 —
764 1153 790 1188 5,
819 1151 836 1181 5
864 1154 905 1181 Et
928 1152 1022 1182 felicis
1048 1153 1111 1190 poli
1136 1153 1257 1188 ACGH3
1288 1154 1329 1182 Et
1347 1153 1463 1180 felicem

148 1190 237 1218 DEF.
264 1205 301 1209 —
327 1189 353 1225 5,
384 1189 401 1219 6
427 1192 538 1228 Regnis
566 1193 599 1219 in
623 1192 799 1220 caelestibus
825 1192 962 1221 ACEF'G.
991 1207 1030 1211 —-
1059 1189 1085 1226 6,
1110 1189 1123 1218 1
1147 1191 1247 1219 Gaude
1267 1193 1350 1229 virgo
1371 1194 1463 1218 mater

149 1227 299 1264 AEFGH3
327 1230 430 1257 Gaude
454 1233 549 1257 mater
573 1231 657 1266 virgo
685 1230 722 1265 03
752 1230 855 1259 Gaude
881 1230 1001 1258 humilis
1028 1232 1117 1259 beata
1143 1230 1206 1258 BD.
1234 1245 1271 1249 -
1297 1228 1323 1264 6,
1345 1227 1362 1256 2
1384 1229 1462 1263 Quia

149 1267 216 1294 sola
243 1269 380 1295 meruisti
402 1268 577 1304 ACEFGH3
605 1268 735 1305 Corpore
758 1268 923 1305 glorificata
946 1270 980 1297 B.
1006 1283 1042 1288 —
1070 1265 1096 1301 6,
1123 1266 1142 1296 3
1169 1268 1308 1296 Meruisti
1333 1269 1464 1295 maxima

151 1305 213 1332 BD.
240 1319 278 1325 —-
305 1304 337 1340 6,
363 1305 383 1334 4
402 1307 477 1335 Fore
503 1308 604 1334 tantae
627 1307 691 1334 BD.
717 1322 755 1327 -—
776 1306 801 1340 6,
825 1305 842 1334 5
863 1308 947 1341 Quod
967 1309 1008 1335 sis
1030 1307 1069 1341 G;
1089 1307 1217 1334 trinitati
1236 1306 1402 1335 ABCDEF.
1437 1324 1461 1327 -

150 1342 176 1377 7,
200 1342 215 1371 1
244 1344 348 1372 Gaude
371 1346 455 1381 virgo
482 1347 575 1373 mater
599 1344 805 1381 ABDEFGH3
832 1344 934 1374 Gaude
959 1347 1052 1373 mater
1075 1346 1159 1382 virgo
1189 1344 1219 1372 O.
1242 1361 1279 1365 —
1300 1344 1325 1379 7,
1347 1341 1364 1372 3
1386 1345 1463 1378 Quia

149 1383 203 1409 tua
223 1382 333 1420 gaudia
352 1383 391 1418 G3
414 1385 492 1418 Quia
511 1383 585 1411 haec
604 1385 656 1411 tua
675 1384 785 1420 gaudia
801 1383 832 1411 Ο.
853 1399 890 1403 -
912 1383 937 1418 7,
958 1382 978 1412 4
997 1385 1168 1412 decrescunt
1182 1383 1214 1411 O.
1234 1398 1271 1402 —
1292 1382 1318 1418 7,
1333 1380 1351 1409 6
1365 1383 1463 1410 flores-

149 1423 220 1448 cunt
240 1420 271 1447 0.
292 1436 330 1440 —
351 1422 408 1450 Cfin
428 1422 561 1450 Kehrein
579 1422 634 1449 No.
652 1420 716 1450 257.

227 1469 518 1507 Bemerkungen:
555 1469 639 1497 Haec.
663 1472 733 1497 sunt
756 1472 867 1505 septem
892 1470 1002 1506 gaudia
1026 1470 1194 1507 spiritualia
1212 1470 1245 1498 B.
1266 1468 1306 1498 M.
1328 1470 1363 1497 V.
1387 1469 1465 1497 edita

151 1516 170 1535 a
193 1509 279 1536 beato
299 1508 444 1536 Thoma.
470 1508 493 1536 I.
520 1522 558 1526 —
586 1507 703 1544 Septem
729 1508 840 1545 gaudia
866 1517 883 1536 a
910 1509 997 1537 beato
1024 1508 1165 1537 Thoma
1193 1511 1358 1544 martyre
1385 1507 1465 1535 edita

150 1547 187 1575 K.
213 1561 251 1566 —-
277 1546 446 1583 Sequuntur
473 1548 585 1583 septem
612 1547 722 1583 gaudia
748 1548 873 1583 virginis
892 1547 1007 1575 Mariae
1027 1547 1167 1575 caelestia
1186 1554 1205 1573 a
1223 1547 1310 1575 beato
1330 1546 1380 1574 Th
1389 1554 1465 1574 oma

151 1588 315 1620 martyre
341 1594 428 1621 super
447 1586 546 1613 verbis
567 1585 724 1621 praedietis
746 1586 908 1621 composita
927 1586 962 1613 L.
989 1601 1027 1605 —
1055 1584 1173 1621 Septem
1197 1585 1307 1621 gaudia
1333 1592 1351 1612 a
1377 1585 1463 1612 beato

150 1623 292 1651 Thoma
310 1625 475 1659 martyre
495 1624 666 1659 composita.
686 1624 727 1651 M.
747 1638 786 1643 —
808 1623 909 1652 Oratio
932 1625 1012 1652 beati
1030 1623 1191 1653 Thomae
1212 1623 1463 1651 Oantuarien-

153 1663 204 1690 sis
233 1661 268 1689 de
294 1661 413 1698 gaudiis
439 1662 563 1698 virginis
584 1662 747 1697 gloriosae,
776 1662 882 1698 quibus
902 1664 963 1691 iam
982 1663 1089 1691 fruitur
1108 1663 1139 1689 in
1160 1662 1346 1690 caelestibus.
1367 1662 1403 1690 N.
1424 1677 1462 1682 —

149 1700 278 1728 Thomas
298 1709 358 1728 von
379 1700 563 1735 Canterbury
584 1701 763 1729 bezeichnen
783 1700 826 1729 als
847 1700 959 1729 Auctor
979 1702 1053 1729 auch
1074 1701 1165 1735 HPQ.

226 1749 351 1784 Legitur
371 1748 449 1784 quod
469 1748 572 1776 beatus
586 1747 744 1776 Thomas
767 1748 1062 1777 Cantuariensis
1083 1750 1237 1784 episcopus
1258 1751 1370 1784 septem
1390 1756 1461 1784 gau-

150 1787 201 1815 dia
228 1786 395 1823 corporalia
419 1787 524 1815 beatae
542 1787 656 1814 Mariae
683 1787 791 1816 cotidie
820 1795 885 1815 cum
904 1796 1013 1824 magna
1033 1788 1189 1816 devotione
1208 1787 1364 1815 recolebat.
1406 1786 1462 1816 Cui

151 1826 281 1854 eiusdem
312 1825 422 1861 gaudia
452 1826 485 1853 in
518 1826 646 1852 oratorio
676 1834 728 1853 suo
756 1834 837 1853 more
862 1826 950 1854 solito
979 1826 1090 1854 dicenti
1114 1826 1232 1854 taudem
1256 1827 1340 1863 virgo
1367 1825 1466 1852 Maria

150 1865 241 1893 semel
267 1872 412 1901 apparens
440 1864 525 1892 dicit:
568 1863 626 1892 Cur
655 1863 692 1891 de
717 1865 833 1900 gaudiis
858 1866 948 1898 meis,
984 1873 1059 1902 quae
1089 1866 1318 1900 praeterierunt,
1349 1866 1463 1891 tantum

148 1904 260 1940 gaudes
296 1905 325 1931 et
359 1903 481 1931 laetaris
519 1904 549 1929 et
578 1902 614 1930 de
643 1903 864 1939 praesentibus,
904 1904 1011 1939 quibus
1040 1905 1073 1931 in
1109 1903 1198 1931 caelis
1233 1912 1311 1931 nunc
1340 1902 1462 1939 gaudeo,

149 1950 226 1977 quae
256 1941 404 1969 durabunt
431 1943 587 1978 perpetue,
618 1942 717 1977 potius
744 1950 803 1970 non
829 1942 940 1978 gaudes
966 1944 994 1970 et
1023 1943 1153 1971 laetaris.
1198 1942 1240 1970 Et
1269 1942 1356 1969 beata
1379 1942 1462 1976 virgo

148 1981 224 2008 dixit
256 1981 297 2008 ei:
348 1981 521 2017 Quicunque
552 1980 585 2007 in
616 1980 664 2008 his
697 1981 813 2017 gaudiis
846 1981 919 2008 mihi
950 1980 1181 2017 congratulando
1206 1989 1254 2008 me
1278 1979 1386 2008 cotidie
1412 1979 1462 2006 ho-

146 2020 311 2053 noraverit,
350 2020 381 2046 in
421 2020 502 2047 exitu
534 2019 651 2047 animae
682 2020 776 2055 ipsius
811 2027 830 2047 a
862 2028 984 2056 corpore
1016 2022 1199 2057 praesentem
1231 2018 1462 2047 consolationem

146 2067 244 2087 meam
270 2058 431 2092 obtinebit,
460 2060 490 2086 et
509 2058 637 2086 animam
658 2065 742 2085 suam
764 2059 800 2086 ab
820 2057 955 2086 hostibus
975 2058 1115 2096 malignis
1135 2058 1270 2086 liberabo
1293 2059 1322 2084 et
1341 2057 1373 2083 in
1393 2064 1460 2083 con-

147 2100 252 2134 spectu
275 2096 333 2125 filii
358 2097 433 2130 mei,
457 2099 492 2124 ut
512 2104 626 2124 meeum
651 2097 761 2133 gaudia
785 2096 917 2134 paradisi
935 2097 1103 2134 possideat,
1124 2096 1327 2133 praesentabo.
1366 2094 1462 2130 Igitur

146 2137 224 2164 idem
252 2135 432 2163 venerabilis
459 2134 592 2171 pontifex
616 2135 691 2163 haec
716 2135 818 2163 eadem
844 2136 956 2172 gaudia
980 2137 1124 2173 perpetua
1149 2136 1273 2171 virginis
1295 2134 1399 2161 beatae
1419 2141 1462 2160 se-

146 2175 274 2203 cundum
306 2173 434 2208 modum,
467 2175 519 2210 qui
544 2175 692 2209 sequitur,
717 2175 841 2211 rigmice
865 2176 1038 2211 composuit.
1065 2173 1098 2202 O.
1126 2189 1164 2193 —
1191 2174 1365 2208 Quicunque
1390 2171 1464 2198 haee

145 2214 256 2250 gaudia
275 2213 381 2241 beatae
401 2213 517 2240 Mariae
536 2212 571 2238 V.
593 2212 714 2240 cottidie
736 2213 841 2241 devote
861 2212 981 2248 dixerit,
1004 2212 1118 2250 quando
1139 2212 1176 2239 de
1195 2211 1251 2239 hoe
1271 2209 1388 2238 saeculo
1409 2211 1462 2237 mi-

144 2262 230 2290 grare
257 2251 427 2288 contigerit,
458 2252 492 2279 in
518 2251 600 2278 exitu
620 2252 736 2279 animae
755 2252 850 2288 ipsius
872 2252 961 2280 beata
979 2253 1063 2289 virgo
1085 2252 1112 2278 ei
1135 2250 1296 2286 apparebit,
1320 2249 1349 2277 et
1370 2249 1405 2276 ab
1428 2257 1464 2276 ea

144 2292 378 2320 consolationem
405 2289 568 2324 obtinebit,
596 2292 625 2317 et
650 2291 779 2320 animam
807 2290 901 2326 ipsius
928 2291 964 2318 ab
990 2290 1125 2318 hostibus
1151 2288 1291 2325 malignis
1321 2287 1462 2315 liberabit

144 2333 174 2358 et
193 2331 225 2358 in
246 2332 406 2366 conspectu
426 2328 482 2356 filii
503 2329 549 2357 sui
569 2328 686 2356 tandem
706 2330 835 2366 gaudere
854 2326 977 2365 faci[e]t.
1010 2329 1098 2357 Hanc
1119 2328 1281 2355 orationem
1295 2327 1461 2361 composuit

143 2370 248 2398 beatus
267 2368 424 2396 Thomas
445 2364 653 2404 Cantu[a]ri
664 2369 760 2396 ensis
782 2368 1030 2404 archiepiscopus.
1049 2368 1085 2396 R.
