1651 2606
202 973 219 1004 κἹ

711 65 947 101 -56—

217 196 224 204 .
249 169 321 203 Hoc
346 179 365 202 a
389 172 483 209 gente
502 166 627 200 infideli
896 162 928 194 9.
955 160 1038 192 Nam
1063 160 1137 200 post
1161 156 1280 190 cultum
1302 154 1484 188 simulatum

246 219 369 250 Auctor
389 214 509 255 mundi,
535 216 642 247 rector
668 211 746 244 caeli
957 206 1167 247 colaphizant
1191 204 1368 241 adoratum,

250 265 347 299 Ultra
371 263 482 296 suffert
504 271 567 294 non
591 261 717 302 1111111115,
954 256 1018 288 Ora
1042 254 1114 286 velo
1140 251 1358 292 contingentes

251 312 426 352 Tamquam
449 310 497 342 sui
522 310 565 341 sit
589 307 715 340 oblitus.
954 302 999 334 Et
1023 302 1165 333 veiatum
1189 298 1354 331 ferientes.

249 378 413 412 Iudicatus
436 376 624 416 flagellatur,
875 370 929 403 10.
955 369 1052 409 Quasi
1076 368 1170 408 latro,
1196 366 1288 407 quasi
1312 374 1385 398 reus

248 425 445 465 Flagellatus
472 423 698 455 condemnatur
957 417 1012 449 Sic
1033 416 1191 448 tractatur
1213 413 1309 446 homo
1332 413 1432 454 Deus,

249 472 294 505 Et
317 473 351 504 in
375 479 486 503 manus
510 469 679 509 impiorum
957 464 1103 503 Tractus,
1131 471 1241 495 caesus
1268 465 1301 494 et
1317 463 1489 501 consputus

251 520 356 552 Datur
379 518 528 557 princeps
554 515 749 555 angelomm.
957 512 1031 544 Non
1056 511 1232 551 respondet
1257 509 1348 550 quasi
1372 510 1488 542 mutus.

253 576 359 614 Caput
383 574 448 605 eius
473 571 689 606 venerandum
876 569 931 602 11.
956 570 1047 602 Inter
1070 576 1142 600 reos
1168 568 1341 607 deputatur

252 624 358 661 Atque
383 620 503 652 cunctis
529 619 728 652 adorandum
956 617 1003 649 Et
1027 616 1085 648 sub
1112 624 1205 647 cruce
1226 615 1425 654 incurvatur,

252 669 359 701 Plexis
385 668 485 707 spinis
513 669 682 699 coronatur
959 665 998 697 In
1023 665 1225 704 augmentum
1252 663 1342 694 dirae
1367 661 1462 695 sortis

252 716 297 749 Et
319 724 377 757 per
402 718 498 755 sputa
521 714 716 754 inquinatur.
958 712 1073 744 Portat
1096 711 1221 750 signum
1245 718 1323 742 suae
1346 709 1470 742 mortis.

221 800 228 807 .
256 772 374 812 Spinae
394 773 548 812 pungunt,
574 773 684 811 guttae
700 772 806 811 ruunt,
879 770 933 802 12.
959 768 1063 808 Ligno
1090 768 1193 800 crucis
1220 768 1402 807 applicatur

256 820 365 852 Genae
390 819 530 859 madent,
556 820 652 860 sputa
673 817 777 850 fluunt
960 816 1006 848 Et
1025 816 1058 847 in
1084 815 1184 847 altum
1209 815 1381 858 exaltatur,

255 866 300 900 Et
324 867 425 899 saliva
448 865 537 898 foedi
562 865 626 897 oris
960 864 1086 906 Manus,
1112 863 1213 904 pedes
1238 862 1463 895 distenduntur

257 915 389 948 Vultum
412 914 518 954 replet
540 914 720 945 salvatoris.
962 912 1067 950 Atque
1092 910 1191 943 clavis
1219 908 1461 950 transfiguntur.

225 998 232 1003 .
256 969 365 1002 Vestis
392 970 421 1001 ei
443 972 618 1010 purpurata
881 970 936 1003 13.
960 967 1011 1001 lbi
1035 967 1155 1008 pendet
1180 970 1216 999 ut
1240 967 1387 1007 leprosus

263 1018 325 1051 Est
347 1019 381 1050 in
407 1018 479 1050 dolo
504 1019 721 1058 praesentata,
962 1016 1024 1048 illc
1048 1014 1153 1047 forma
1176 1015 1351 1058 speciosuS,

259 1066 327 1105 Qua
349 1065 480 1097 indutus
505 1065 659 1097 adoratur
965 1064 1088 1103 Corpus
1114 1062 1180 1094 eius
1205 1062 1292 1102 ligno
1317 1063 1463 1095 strictum

257 1113 302 1146 Et
328 1112 450 1144 derisus
475 1111 674 1146 verberatur.
964 1111 1089 1144 Pendet
1105 1112 1264 1150 tamquam
1277 1111 1494 1143 maledictum.

228 1195 235 1202 .
262 1170 352 1202 Genu
374 1167 457 1201 flexo
483 1168 593 1201 dicunt
615 1170 696 1210 Ave,
886 1169 941 1201 14.
967 1168 1112 1200 Murram
1136 1168 1232 1199 sumit
1258 1170 1290 1199 et
1314 1170 1447 1211 acetum,

261 1216 399 1249 Verbum
423 1216 539 1248 bonum
565 1219 598 1248 et
621 1225 727 1260 suave,
968 1214 1088 1255 Quibus
1115 1218 1184 1247 erat
1208 1224 1265 1247 vas
1288 1216 1458 1257 repletum,

262 1265 325 1297 Sed
351 1273 492 1296 amarum
517 1263 610 1295 nimis
638 1264 769 1304 dictum,
970 1263 1061 1302 Quod
1087 1262 1225 1295 dabatur
1245 1263 1367 1296 sitienti

263 1312 393 1351 Quando
418 1320 529 1343 manus
550 1311 684 1351 praebet
703 1311 814 1343 ictum.
968 1310 1014 1342 Et
1037 1310 1101 1343 iam
1125 1319 1229 1350 paene
1252 1311 1412 1345 morienti.

560 1369 616 1401 15.
645 1369 723 1401 Post
746 1368 827 1400 haec
853 1369 949 1408 caput
973 1367 1141 1401 inclinavit

644 1416 690 1448 Et
713 1415 760 1447 sic
785 1415 924 1447 clamans
950 1415 1136 1457 exspiravit,

643 1463 747 1495 Hasta
771 1464 854 1495 latus
877 1461 1072 1504 perforatur,

644 1510 690 1542 Et
712 1511 761 1542 sic
784 1511 873 1543 Iesus
900 1513 1144 1544 consummatur.

278 1584 358 1613 Orat.
376 1593 428 1612 ms.
452 1585 601 1620 Brigittin.
620 1585 814 1614 Nem-landen.
836 1594 912 1614 saec.
934 1584 978 1614 15.
1015 1583 1241 1622 (Privatbesitz.)

625 1725 675 1757 48.
709 1725 753 1757 De
772 1725 920 1758 Passieno
939 1725 1070 1758 Domini.

214 1813 246 1847 1.
272 1814 352 1853 Ave,
379 1815 463 1857 Iesu,
489 1814 543 1853 qui
565 1814 654 1847 fuisti
897 1819 928 1851 3.
953 1818 1035 1859 Ave,
1060 1817 1145 1858 Iesu,
1172 1819 1226 1859 qui
1252 1819 1419 1851 damnatus

270 1860 375 1893 Nocte
399 1864 501 1904 natus,
528 1862 721 1895 descendisti
954 1865 1054 1897 Mane
1079 1874 1112 1897 es
1138 1868 1171 1897 et
1195 1867 1366 1899 suscitatus

320 1909 375 1941 Ad
399 1907 519 1941 inferni
542 1908 694 1950 latebras,
1003 1911 1055 1945 De
1079 1913 1219 1953 sepulcri
1243 1914 1373 1957 lectule,

273 1956 326 1988 Da
348 1956 469 1989 renatis
494 1956 672 1997 adimplere
956 1959 1066 1992 Morte
1089 1963 1147 1992 tua
1169 1962 1359 2002 triumphali

275 2002 369 2035 Nova
389 2004 486 2044 iussa,
514 2004 556 2036 da
583 2013 696 2036 cavere
957 2007 1013 2039 Me
1037 2009 1158 2040 suscita
1184 2009 1224 2041 de
1253 2010 1345 2043 letali

323 2051 502 2083 Vetustatis
526 2051 686 2085 tenebras,
1005 2055 1215 2088 Peccatorum
1238 2058 1371 2091 tumulo.

218 2109 251 2140 2.
277 2109 355 2146 Ave,
382 2106 499 2139 florens
521 2109 627 2140 vultus
654 2108 781 2153 Christi,
901 2113 933 2144 4.
959 2112 1040 2153 Ave,
1067 2114 1121 2152 qui
1145 2115 1334 2156 apparuisti,

278 2154 380 2196 Sputa
403 2164 461 2194 pro
486 2164 537 2187 me
561 2157 739 2199 suscepisti,
960 2159 1042 2203 Iesu,
1065 2161 1130 2193 tuis
1155 2165 1187 2193 et
1211 2162 1302 2195 fuisti
1492 2174 1510 2189 *a

325 2203 370 2235 Et
396 2203 512 2235 decora
536 2201 644 2243 facies,
1009 2207 1142 2241 Vinctus
1166 2210 1247 2243 hora
1271 2212 1385 2252 prima,

279 2250 362 2292 Non,
383 2254 416 2283 te
436 2259 561 2291 precor,
589 2251 758 2292 avertaris,
963 2254 1058 2288 Solve
1082 2265 1166 2298 reos,
1191 2267 1233 2290 ne
1257 2263 1365 2291 reatus

280 2299 344 2332 Sed
370 2301 402 2331 et
425 2307 476 2330 me
495 2298 649 2331 intuearis
962 2302 1081 2336 Contra
1105 2313 1159 2337 eos
1187 2305 1348 2339 iudicatus

329 2346 465 2388 Centies,
491 2346 655 2380 millesies,
1011 2350 1208 2385 Condemnet
1232 2353 1266 2385 in
1290 2353 1411 2391 infima.
