<?xml version="1.0" encoding="UTF-8"?>
<!DOCTYPE html PUBLIC "-//W3C//DTD XHTML 1.0 Transitional//EN"
    "http://www.w3.org/TR/xhtml1/DTD/xhtml1-transitional.dtd">
<html xmlns="http://www.w3.org/1999/xhtml" xml:lang="en" lang="en">
 <head>
  <title>
</title>
<meta http-equiv="Content-Type" content="text/html;charset=utf-8" />
  <meta name='ocr-system' content='tesseract 3.04.00' />
  <meta name='ocr-capabilities' content='ocr_page ocr_carea ocr_par ocr_line ocrx_word'/>
</head>
<body>
  <div class='ocr_page' id='page_1' title='image "./analectahymnica31drevuoft_00134.png"; bbox 0 0 1651 2606; ppageno 0'>
   <div class='ocr_carea' id='block_1_1' title="bbox 735 69 994 106">
    <p class='ocr_par' dir='ltr' id='par_1_1' title="bbox 735 69 994 106">
     <span class='ocr_line' id='line_1_1' title="bbox 735 69 994 106; baseline -0.004 0"><span class='ocrx_word' id='word_1_1' title='bbox 735 69 994 106; x_wconf 67' lang='lat'>—131-</span> 
     </span>
    </p>
   </div>
   <div class='ocr_carea' id='block_1_2' title="bbox 277 166 1488 352">
    <p class='ocr_par' dir='ltr' id='par_1_2' title="bbox 904 166 1488 257">
     <span class='ocr_line' id='line_1_2' title="bbox 904 166 1456 208; baseline 0.004 -10"><span class='ocrx_word' id='word_1_2' title='bbox 904 166 935 199; x_wconf 83' lang='lat'>8.</span> <span class='ocrx_word' id='word_1_3' title='bbox 963 167 1027 200; x_wconf 86' lang='lat' dir='ltr'>Ora</span> <span class='ocrx_word' id='word_1_4' title='bbox 1050 176 1110 207; x_wconf 88' lang='lat' dir='ltr'>pro</span> <span class='ocrx_word' id='word_1_5' title='bbox 1135 175 1195 208; x_wconf 90' lang='lat' dir='ltr'>me,</span> <span class='ocrx_word' id='word_1_6' title='bbox 1222 169 1326 199; x_wconf 82' lang='lat' dir='ltr'>mater</span> <span class='ocrx_word' id='word_1_7' title='bbox 1350 167 1456 206; x_wconf 81' lang='lat' dir='ltr'>fortis,</span> 
     </span>
     <span class='ocr_line' id='line_1_3' title="bbox 964 215 1488 257; baseline -0.002 -9"><span class='ocrx_word' id='word_1_8' title='bbox 964 216 1102 255; x_wconf 83' lang='lat' dir='ltr'>Patrem,</span> <span class='ocrx_word' id='word_1_9' title='bbox 1129 217 1238 248; x_wconf 87' lang='lat' dir='ltr'>natum</span> <span class='ocrx_word' id='word_1_10' title='bbox 1263 215 1343 247; x_wconf 85' lang='lat' dir='ltr'>hora</span> <span class='ocrx_word' id='word_1_11' title='bbox 1366 215 1488 257; x_wconf 86' lang='lat' dir='ltr'>mortis,</span> 
     </span>
    </p>

    <p class='ocr_par' dir='ltr' id='par_1_3' title="bbox 277 260 1481 352">
     <span class='ocr_line' id='line_1_4' title="bbox 277 260 1358 307; baseline 0.001 -14"><span class='ocrx_word' id='word_1_12' title='bbox 277 260 324 293; x_wconf 89' lang='lat' dir='ltr'>Te</span> <span class='ocrx_word' id='word_1_13' title='bbox 349 262 516 304; x_wconf 79' lang='lat' dir='ltr'>benignam</span> <span class='ocrx_word' id='word_1_14' title='bbox 543 264 659 307; x_wconf 87' lang='lat' dir='ltr'>inveni,</span> <span class='ocrx_word' id='word_1_15' title='bbox 1013 263 1110 303; x_wconf 86' lang='lat' dir='ltr'>Virgo</span> <span class='ocrx_word' id='word_1_16' title='bbox 1137 265 1167 295; x_wconf 89' lang='lat' dir='ltr'>et</span> <span class='ocrx_word' id='word_1_17' title='bbox 1187 271 1358 303; x_wconf 82' lang='lat' dir='ltr'>puerpera,</span> 
     </span>
     <span class='ocr_line' id='line_1_5' title="bbox 325 309 1481 352; baseline -0.002 -8"><span class='ocrx_word' id='word_1_18' title='bbox 325 310 435 352; x_wconf 78' lang='lat' dir='ltr'>Virgo,</span> <span class='ocrx_word' id='word_1_19' title='bbox 461 319 526 342; x_wconf 88' lang='lat' dir='ltr'>non</span> <span class='ocrx_word' id='word_1_20' title='bbox 550 313 583 342; x_wconf 90' lang='lat' dir='ltr'>te</span> <span class='ocrx_word' id='word_1_21' title='bbox 609 311 733 344; x_wconf 79' lang='lat' dir='ltr'>desem.</span> <span class='ocrx_word' id='word_1_22' title='bbox 964 309 1014 342; x_wconf 85' lang='lat' dir='ltr'>Ne</span> <span class='ocrx_word' id='word_1_23' title='bbox 1038 319 1089 342; x_wconf 88' lang='lat' dir='ltr'>me</span> <span class='ocrx_word' id='word_1_24' title='bbox 1113 310 1222 343; x_wconf 85' lang='lat' dir='ltr'>trahat</span> <span class='ocrx_word' id='word_1_25' title='bbox 1246 319 1361 343; x_wconf 87' lang='lat' dir='ltr'>saevae</span> <span class='ocrx_word' id='word_1_26' title='bbox 1386 311 1481 343; x_wconf 86' lang='lat' dir='ltr'>sortis</span> 
     </span>
    </p>
   </div>
   <div class='ocr_carea' id='block_1_3' title="bbox 621 366 1062 454">
    <p class='ocr_par' dir='ltr' id='par_1_4' title="bbox 621 366 1062 454">
     <span class='ocr_line' id='line_1_6' title="bbox 621 366 1043 407; baseline 0.005 -9"><span class='ocrx_word' id='word_1_27' title='bbox 621 366 775 399; x_wconf 72' lang='lat' dir='ltr'>Inimicus</span> <span class='ocrx_word' id='word_1_28' title='bbox 799 366 914 400; x_wconf 82' lang='lat' dir='ltr'>vinclis</span> <span class='ocrx_word' id='word_1_29' title='bbox 938 368 1043 407; x_wconf 84' lang='lat' dir='ltr'>tortis,</span> 
     </span>
     <span class='ocr_line' id='line_1_7' title="bbox 671 413 1062 454; baseline -0.003 -8"><span class='ocrx_word' id='word_1_30' title='bbox 671 414 738 446; x_wconf 89' lang='lat' dir='ltr'>Lac</span> <span class='ocrx_word' id='word_1_31' title='bbox 762 413 875 454; x_wconf 84' lang='lat' dir='ltr'>profer</span> <span class='ocrx_word' id='word_1_32' title='bbox 897 417 929 447; x_wconf 86' lang='lat' dir='ltr'>et</span> <span class='ocrx_word' id='word_1_33' title='bbox 952 415 1062 448; x_wconf 83' lang='lat' dir='ltr'>ubera.</span> 
     </span>
    </p>
   </div>
   <div class='ocr_carea' id='block_1_4' title="bbox 289 468 1168 507">
    <p class='ocr_par' dir='ltr' id='par_1_5' title="bbox 289 468 1168 507">
     <span class='ocr_line' id='line_1_8' title="bbox 289 468 1168 507; baseline 0.002 -9"><span class='ocrx_word' id='word_1_34' title='bbox 289 470 361 498; x_wconf 83' lang='lat' dir='ltr'>olm.</span> <span class='ocrx_word' id='word_1_35' title='bbox 382 471 539 499; x_wconf 81' lang='lat' dir='ltr'>Monacen.</span> <span class='ocrx_word' id='word_1_36' title='bbox 558 471 607 507; x_wconf 89' lang='lat' dir='ltr'>(ol.</span> <span class='ocrx_word' id='word_1_37' title='bbox 628 468 854 506; x_wconf 82' lang='lat' dir='ltr'>Emmeramen.)</span> <span class='ocrx_word' id='word_1_38' title='bbox 876 468 975 499; x_wconf 84' lang='lat'>14343</span> <span class='ocrx_word' id='word_1_39' title='bbox 996 473 1066 499; x_wconf 86' lang='lat' dir='ltr'>anni</span> <span class='ocrx_word' id='word_1_40' title='bbox 1088 469 1168 500; x_wconf 82' lang='lat'>1351.</span> 
     </span>
    </p>
   </div>
   <div class='ocr_carea' id='block_1_5' title="bbox 219 164 647 256">
    <p class='ocr_par' dir='ltr' id='par_1_6' title="bbox 219 164 647 256">
     <span class='ocr_line' id='line_1_9' title="bbox 219 164 606 207; baseline 0.003 -10"><span class='ocrx_word' id='word_1_41' title='bbox 219 164 250 197; x_wconf 80' lang='lat'>7.</span> <span class='ocrx_word' id='word_1_42' title='bbox 278 165 303 198; x_wconf 94' lang='lat' dir='ltr'>O</span> <span class='ocrx_word' id='word_1_43' title='bbox 329 164 446 207; x_wconf 83' lang='lat' dir='ltr'>Maria,</span> <span class='ocrx_word' id='word_1_44' title='bbox 473 167 606 200; x_wconf 81' lang='lat' dir='ltr'>subveni</span> 
     </span>
     <span class='ocr_line' id='line_1_10' title="bbox 327 213 647 256; baseline 0.003 -10"><span class='ocrx_word' id='word_1_45' title='bbox 327 213 495 247; x_wconf 79' lang='lat' dir='ltr'>Peccatori</span> <span class='ocrx_word' id='word_1_46' title='bbox 519 216 647 256; x_wconf 85' lang='lat' dir='ltr'>misero,</span> 
     </span>
    </p>
   </div>
   <div class='ocr_carea' id='block_1_6' title="bbox 557 552 1171 587">
    <p class='ocr_par' dir='ltr' id='par_1_7' title="bbox 557 552 1171 587">
     <span class='ocr_line' id='line_1_11' title="bbox 557 552 1171 587; baseline 0.002 -2"><span class='ocrx_word' id='word_1_47' title='bbox 557 553 620 585; x_wconf 84' lang='lat'>129.</span> <span class='ocrx_word' id='word_1_48' title='bbox 654 553 697 585; x_wconf 86' lang='lat' dir='ltr'>De</span> <span class='ocrx_word' id='word_1_49' title='bbox 716 552 841 586; x_wconf 83' lang='lat' dir='ltr'>Nomine</span> <span class='ocrx_word' id='word_1_50' title='bbox 863 554 978 585; x_wconf 84' lang='lat' dir='ltr'>beatae</span> <span class='ocrx_word' id='word_1_51' title='bbox 997 554 1116 587; x_wconf 84' lang='lat' dir='ltr'>Mariae</span> <span class='ocrx_word' id='word_1_52' title='bbox 1137 555 1171 586; x_wconf 88' lang='lat' dir='ltr'>V.</span> 
     </span>
    </p>
   </div>
   <div class='ocr_carea' id='block_1_7' title="bbox 224 615 1426 1001">
    <p class='ocr_par' dir='ltr' id='par_1_8' title="bbox 224 615 1426 1001">
     <span class='ocr_line' id='line_1_12' title="bbox 225 615 1426 656; baseline -0.002 -7"><span class='ocrx_word' id='word_1_53' title='bbox 225 617 256 649; x_wconf 87' lang='grc'><strong>1.</strong></span> <span class='ocrx_word' id='word_1_54' title='bbox 282 616 413 656; x_wconf 82' lang='lat' dir='ltr'>Magna,</span> <span class='ocrx_word' id='word_1_55' title='bbox 438 615 549 654; x_wconf 84' lang='lat' dir='ltr'>maior,</span> <span class='ocrx_word' id='word_1_56' title='bbox 575 615 724 655; x_wconf 84' lang='lat' dir='ltr'>maxima,</span> <span class='ocrx_word' id='word_1_57' title='bbox 934 619 966 650; x_wconf 84' lang='lat'>9,</span> <span class='ocrx_word' id='word_1_58' title='bbox 991 617 1037 649; x_wconf 85' lang='lat' dir='ltr'>Et</span> <span class='ocrx_word' id='word_1_59' title='bbox 1062 626 1116 649; x_wconf 83' lang='lat' dir='ltr'>cor</span> <span class='ocrx_word' id='word_1_60' title='bbox 1141 626 1246 649; x_wconf 86' lang='lat' dir='ltr'>meum</span> <span class='ocrx_word' id='word_1_61' title='bbox 1271 616 1426 649; x_wconf 82' lang='lat' dir='ltr'>foetidum</span> 
     </span>
     <span class='ocr_line' id='line_1_13' title="bbox 328 663 1365 704; baseline -0.001 -8"><span class='ocrx_word' id='word_1_62' title='bbox 328 663 460 704; x_wconf 82' lang='lat' dir='ltr'>Regalis</span> <span class='ocrx_word' id='word_1_63' title='bbox 486 663 642 704; x_wconf 79' lang='lat' dir='ltr'>genetrix,</span> <span class='ocrx_word' id='word_1_64' title='bbox 1039 664 1142 697; x_wconf 79' lang='lat' dir='ltr'>Nimis</span> <span class='ocrx_word' id='word_1_65' title='bbox 1167 664 1365 702; x_wconf 82' lang='lat' dir='ltr'>indecenter,</span> 
     </span>
     <span class='ocr_line' id='line_1_14' title="bbox 279 710 1413 754; baseline -0.001 -11"><span class='ocrx_word' id='word_1_66' title='bbox 279 710 378 751; x_wconf 84' lang='lat' dir='ltr'>Regis</span> <span class='ocrx_word' id='word_1_67' title='bbox 403 719 512 752; x_wconf 87' lang='lat' dir='ltr'>regum</span> <span class='ocrx_word' id='word_1_68' title='bbox 539 710 660 751; x_wconf 77' lang='lat' dir='ltr'>optima</span> <span class='ocrx_word' id='word_1_69' title='bbox 990 713 1099 754; x_wconf 84' lang='lat' dir='ltr'>Virgo,</span> <span class='ocrx_word' id='word_1_70' title='bbox 1126 721 1251 754; x_wconf 85' lang='lat' dir='ltr'>purum,</span> <span class='ocrx_word' id='word_1_71' title='bbox 1277 712 1413 744; x_wconf 80' lang='lat' dir='ltr'>nitidum</span> 
     </span>
     <span class='ocr_line' id='line_1_15' title="bbox 329 759 1361 792; baseline -0.001 0"><span class='ocrx_word' id='word_1_72' title='bbox 329 759 450 792; x_wconf 80' lang='lat' dir='ltr'>Parens</span> <span class='ocrx_word' id='word_1_73' title='bbox 476 761 509 791; x_wconf 87' lang='lat' dir='ltr'>et</span> <span class='ocrx_word' id='word_1_74' title='bbox 533 759 653 792; x_wconf 76' lang='lat' dir='ltr'>alitrix.</span> <span class='ocrx_word' id='word_1_75' title='bbox 1038 760 1153 792; x_wconf 85' lang='lat' dir='ltr'>Facias</span> <span class='ocrx_word' id='word_1_76' title='bbox 1179 760 1361 792; x_wconf 87' lang='lat' dir='ltr'>clementer.</span> 
     </span>
     <span class='ocr_line' id='line_1_16' title="bbox 224 816 1311 857; baseline -0.001 -8"><span class='ocrx_word' id='word_1_77' title='bbox 224 818 256 849; x_wconf 83' lang='lat'>2.</span> <span class='ocrx_word' id='word_1_78' title='bbox 284 816 471 850; x_wconf 80' lang='lat' dir='ltr'>Creatorem</span> <span class='ocrx_word' id='word_1_79' title='bbox 494 816 667 849; x_wconf 86' lang='lat' dir='ltr'>Dominum</span> <span class='ocrx_word' id='word_1_80' title='bbox 911 817 965 851; x_wconf 82' lang='lat'>10.</span> <span class='ocrx_word' id='word_1_81' title='bbox 992 817 1017 851; x_wconf 95' lang='grc' dir='ltr'>Ο</span> <span class='ocrx_word' id='word_1_82' title='bbox 1044 826 1160 857; x_wconf 83' lang='lat' dir='ltr'>magna</span> <span class='ocrx_word' id='word_1_83' title='bbox 1183 816 1311 856; x_wconf 81' lang='lat' dir='ltr'>fiducia,</span> 
     </span>
     <span class='ocr_line' id='line_1_17' title="bbox 329 863 1349 905; baseline -0.002 -8"><span class='ocrx_word' id='word_1_84' title='bbox 329 864 486 897; x_wconf 82' lang='lat' dir='ltr'>Creatura</span> <span class='ocrx_word' id='word_1_85' title='bbox 508 867 654 904; x_wconf 66' lang='lat' dir='ltr'>poi-tane,</span> <span class='ocrx_word' id='word_1_86' title='bbox 1038 864 1156 897; x_wconf 79' lang='lat' dir='ltr'>Tutum</span> <span class='ocrx_word' id='word_1_87' title='bbox 1181 863 1349 905; x_wconf 77' lang='lat' dir='ltr'>refugium,</span> 
     </span>
     <span class='ocr_line' id='line_1_18' title="bbox 282 911 1349 953; baseline -0.002 -8"><span class='ocrx_word' id='word_1_88' title='bbox 282 912 442 945; x_wconf 85' lang='lat' dir='ltr'>Mundum</span> <span class='ocrx_word' id='word_1_89' title='bbox 465 913 596 953; x_wconf 85' lang='lat' dir='ltr'>plenum</span> <span class='ocrx_word' id='word_1_90' title='bbox 622 911 811 952; x_wconf 79' lang='lat' dir='ltr'>sanguinum</span> <span class='ocrx_word' id='word_1_91' title='bbox 993 912 1143 944; x_wconf 84' lang='lat' dir='ltr'>Discreta</span> <span class='ocrx_word' id='word_1_92' title='bbox 1167 911 1349 952; x_wconf 84' lang='lat' dir='ltr'>prudentia,</span> 
     </span>
     <span class='ocr_line' id='line_1_19' title="bbox 330 959 1372 1001; baseline -0.001 -9"><span class='ocrx_word' id='word_1_93' title='bbox 330 960 376 993; x_wconf 85' lang='lat' dir='ltr'>Es</span> <span class='ocrx_word' id='word_1_94' title='bbox 403 960 492 1001; x_wconf 84' lang='lat' dir='ltr'>virgo</span> <span class='ocrx_word' id='word_1_95' title='bbox 518 962 722 1000; x_wconf 76' lang='lat' dir='ltr'>supportans,</span> <span class='ocrx_word' id='word_1_96' title='bbox 1041 959 1169 993; x_wconf 81' lang='lat' dir='ltr'>Certum</span> <span class='ocrx_word' id='word_1_97' title='bbox 1196 959 1372 991; x_wconf 87' lang='lat' dir='ltr'>consilium.</span> 
     </span>
    </p>
   </div>
   <div class='ocr_carea' id='block_1_8' title="bbox 222 1015 1385 1200">
    <p class='ocr_par' dir='ltr' id='par_1_9' title="bbox 222 1015 1385 1200">
     <span class='ocr_line' id='line_1_20' title="bbox 222 1015 1328 1059; baseline -0.004 -8"><span class='ocrx_word' id='word_1_98' title='bbox 222 1019 254 1051; x_wconf 87' lang='lat'>3.</span> <span class='ocrx_word' id='word_1_99' title='bbox 280 1017 433 1058; x_wconf 86' lang='lat' dir='ltr'>Magnum</span> <span class='ocrx_word' id='word_1_100' title='bbox 458 1026 556 1058; x_wconf 88' lang='lat' dir='ltr'>mare,</span> <span class='ocrx_word' id='word_1_101' title='bbox 580 1016 696 1057; x_wconf 84' lang='lat' dir='ltr'>Maria,</span> <span class='ocrx_word' id='word_1_102' title='bbox 911 1016 964 1050; x_wconf 92' lang='lat'>11.</span> <span class='ocrx_word' id='word_1_103' title='bbox 993 1017 1018 1050; x_wconf 97' lang='grc' dir='ltr'><strong>Ο</strong></span> <span class='ocrx_word' id='word_1_104' title='bbox 1045 1016 1167 1049; x_wconf 82' lang='lat' dir='ltr'>cunctis</span> <span class='ocrx_word' id='word_1_105' title='bbox 1193 1015 1328 1059; x_wconf 82' lang='lat' dir='ltr'>fidelior,</span> 
     </span>
     <span class='ocr_line' id='line_1_21' title="bbox 328 1063 1310 1104; baseline -0.003 -7"><span class='ocrx_word' id='word_1_106' title='bbox 328 1064 373 1097; x_wconf 87' lang='lat' dir='ltr'>Es</span> <span class='ocrx_word' id='word_1_107' title='bbox 399 1068 431 1096; x_wconf 93' lang='lat' dir='ltr'>et</span> <span class='ocrx_word' id='word_1_108' title='bbox 455 1064 641 1104; x_wconf 85' lang='lat' dir='ltr'>spatiosum,</span> <span class='ocrx_word' id='word_1_109' title='bbox 1040 1063 1125 1097; x_wconf 86' lang='lat' dir='ltr'>Fida</span> <span class='ocrx_word' id='word_1_110' title='bbox 1150 1063 1310 1104; x_wconf 83' lang='lat' dir='ltr'>fidelibus,</span> 
     </span>
     <span class='ocr_line' id='line_1_22' title="bbox 280 1111 1301 1152; baseline -0.001 -8"><span class='ocrx_word' id='word_1_111' title='bbox 280 1113 348 1152; x_wconf 73' lang='lat' dir='ltr'>Quo</span> <span class='ocrx_word' id='word_1_112' title='bbox 373 1121 488 1145; x_wconf 85' lang='lat' dir='ltr'>secura</span> <span class='ocrx_word' id='word_1_113' title='bbox 512 1115 563 1144; x_wconf 83' lang='lat' dir='ltr'>est</span> <span class='ocrx_word' id='word_1_114' title='bbox 585 1111 640 1144; x_wconf 82' lang='lat' dir='ltr'>via</span> <span class='ocrx_word' id='word_1_115' title='bbox 992 1112 1017 1145; x_wconf 95' lang='grc' dir='ltr'><strong>Ο</strong></span> <span class='ocrx_word' id='word_1_116' title='bbox 1043 1112 1139 1144; x_wconf 86' lang='lat' dir='ltr'>melle</span> <span class='ocrx_word' id='word_1_117' title='bbox 1162 1111 1301 1151; x_wconf 79' lang='lat' dir='ltr'>suavior,</span> 
     </span>
     <span class='ocr_line' id='line_1_23' title="bbox 328 1158 1385 1200; baseline -0.001 -7"><span class='ocrx_word' id='word_1_118' title='bbox 328 1161 461 1200; x_wconf 82' lang='lat' dir='ltr'>Iterque</span> <span class='ocrx_word' id='word_1_119' title='bbox 487 1159 666 1200; x_wconf 77' lang='lat' dir='ltr'>planosum.</span> <span class='ocrx_word' id='word_1_120' title='bbox 1040 1160 1153 1192; x_wconf 82' lang='lat' dir='ltr'>Dulcis</span> <span class='ocrx_word' id='word_1_121' title='bbox 1177 1158 1385 1200; x_wconf 79' lang='lat' dir='ltr'>pauperibus.</span> 
     </span>
    </p>
   </div>
   <div class='ocr_carea' id='block_1_9' title="bbox 222 1217 717 1394">
    <p class='ocr_par' dir='ltr' id='par_1_10' title="bbox 222 1217 717 1394">
     <span class='ocr_line' id='line_1_24' title="bbox 222 1217 717 1257; baseline -0.002 -7"><span class='ocrx_word' id='word_1_122' title='bbox 222 1218 255 1252; x_wconf 88' lang='lat'>4.</span> <span class='ocrx_word' id='word_1_123' title='bbox 282 1218 378 1252; x_wconf 85' lang='lat' dir='ltr'>Mare</span> <span class='ocrx_word' id='word_1_124' title='bbox 401 1227 545 1257; x_wconf 84' lang='lat' dir='ltr'>servans,</span> <span class='ocrx_word' id='word_1_125' title='bbox 572 1217 717 1250; x_wconf 88' lang='lat' dir='ltr'>nutriens</span> 
     </span>
     <span class='ocr_line' id='line_1_25' title="bbox 331 1264 690 1306; baseline -0.006 -8"><span class='ocrx_word' id='word_1_126' title='bbox 331 1264 441 1299; x_wconf 83' lang='lat' dir='ltr'>Pisces</span> <span class='ocrx_word' id='word_1_127' title='bbox 470 1266 690 1306; x_wconf 65' lang='lat' dir='ltr'>condecenter,</span> 
     </span>
     <span class='ocr_line' id='line_1_26' title="bbox 280 1312 684 1346; baseline -0.002 -1"><span class='ocrx_word' id='word_1_128' title='bbox 280 1314 352 1346; x_wconf 90' lang='lat' dir='ltr'>Hoc</span> <span class='ocrx_word' id='word_1_129' title='bbox 377 1317 425 1345; x_wconf 86' lang='lat' dir='ltr'>est</span> <span class='ocrx_word' id='word_1_130' title='bbox 450 1317 537 1346; x_wconf 86' lang='lat' dir='ltr'>stare</span> <span class='ocrx_word' id='word_1_131' title='bbox 563 1312 684 1345; x_wconf 84' lang='lat' dir='ltr'>faciens</span> 
     </span>
     <span class='ocr_line' id='line_1_27' title="bbox 329 1361 695 1394; baseline 0 0"><span class='ocrx_word' id='word_1_132' title='bbox 329 1361 471 1394; x_wconf 85' lang='lat' dir='ltr'>Mundos</span> <span class='ocrx_word' id='word_1_133' title='bbox 496 1362 695 1394; x_wconf 86' lang='lat' dir='ltr'>innocenter.</span> 
     </span>
    </p>
   </div>
   <div class='ocr_carea' id='block_1_10' title="bbox 221 1418 761 1604">
    <p class='ocr_par' dir='ltr' id='par_1_11' title="bbox 221 1418 761 1548">
     <span class='ocr_line' id='line_1_28' title="bbox 221 1418 761 1453; baseline -0.007 0"><span class='ocrx_word' id='word_1_134' title='bbox 221 1420 253 1453; x_wconf 83' lang='lat'>5.</span> <span class='ocrx_word' id='word_1_135' title='bbox 279 1418 374 1451; x_wconf 88' lang='lat' dir='ltr'>Mare</span> <span class='ocrx_word' id='word_1_136' title='bbox 397 1418 557 1452; x_wconf 85' lang='lat' dir='ltr'>mundans</span> <span class='ocrx_word' id='word_1_137' title='bbox 580 1418 761 1450; x_wconf 87' lang='lat' dir='ltr'>immundos</span> 
     </span>
     <span class='ocr_line' id='line_1_29' title="bbox 328 1467 676 1508; baseline -0.003 -9"><span class='ocrx_word' id='word_1_138' title='bbox 328 1467 434 1499; x_wconf 83' lang='lat' dir='ltr'>Faece</span> <span class='ocrx_word' id='word_1_139' title='bbox 458 1470 676 1508; x_wconf 82' lang='lat' dir='ltr'>peccatorum,</span> 
     </span>
     <span class='ocr_line' id='line_1_30' title="bbox 280 1513 721 1548; baseline -0.002 -1"><span class='ocrx_word' id='word_1_140' title='bbox 280 1515 375 1548; x_wconf 89' lang='lat' dir='ltr'>Mare</span> <span class='ocrx_word' id='word_1_141' title='bbox 400 1515 540 1548; x_wconf 88' lang='lat' dir='ltr'>reddens</span> <span class='ocrx_word' id='word_1_142' title='bbox 566 1513 721 1547; x_wconf 84' lang='lat' dir='ltr'>fecundos</span> 
     </span>
    </p>

    <p class='ocr_par' dir='ltr' id='par_1_12' title="bbox 326 1563 693 1604">
     <span class='ocr_line' id='line_1_31' title="bbox 326 1563 693 1604; baseline -0.003 -9"><span class='ocrx_word' id='word_1_143' title='bbox 326 1563 438 1596; x_wconf 82' lang='lat' dir='ltr'>Victus</span> <span class='ocrx_word' id='word_1_144' title='bbox 463 1564 693 1604; x_wconf 81' lang='lat' dir='ltr'>proximorum.</span> 
     </span>
    </p>
   </div>
   <div class='ocr_carea' id='block_1_11' title="bbox 219 1620 725 1799">
    <p class='ocr_par' dir='ltr' id='par_1_13' title="bbox 219 1620 725 1799">
     <span class='ocr_line' id='line_1_32' title="bbox 219 1620 725 1662; baseline -0.01 -6"><span class='ocrx_word' id='word_1_145' title='bbox 219 1624 251 1656; x_wconf 91' lang='grc'>6.</span> <span class='ocrx_word' id='word_1_146' title='bbox 277 1621 382 1662; x_wconf 82' lang='lat' dir='ltr'>Mare,</span> <span class='ocrx_word' id='word_1_147' title='bbox 410 1621 495 1661; x_wconf 83' lang='lat' dir='ltr'>quod</span> <span class='ocrx_word' id='word_1_148' title='bbox 521 1623 570 1653; x_wconf 86' lang='lat' dir='ltr'>est</span> <span class='ocrx_word' id='word_1_149' title='bbox 593 1620 725 1660; x_wconf 84' lang='lat' dir='ltr'>plenum</span> 
     </span>
     <span class='ocr_line' id='line_1_33' title="bbox 327 1668 705 1710; baseline -0.008 -8"><span class='ocrx_word' id='word_1_150' title='bbox 327 1669 468 1702; x_wconf 76' lang='lat' dir='ltr'>Geminis</span> <span class='ocrx_word' id='word_1_151' title='bbox 492 1668 705 1710; x_wconf 80' lang='lat' dir='ltr'>medentibus,</span> 
     </span>
     <span class='ocr_line' id='line_1_34' title="bbox 278 1717 697 1758; baseline -0.005 -8"><span class='ocrx_word' id='word_1_152' title='bbox 278 1718 365 1758; x_wconf 80' lang='lat' dir='ltr'>Quae</span> <span class='ocrx_word' id='word_1_153' title='bbox 389 1717 515 1758; x_wconf 85' lang='lat' dir='ltr'>pellunt</span> <span class='ocrx_word' id='word_1_154' title='bbox 542 1725 697 1750; x_wconf 87' lang='lat' dir='ltr'>venenum</span> 
     </span>
     <span class='ocr_line' id='line_1_35' title="bbox 324 1764 605 1799; baseline -0.011 0"><span class='ocrx_word' id='word_1_155' title='bbox 324 1765 391 1799; x_wconf 88' lang='lat' dir='ltr'>Eas</span> <span class='ocrx_word' id='word_1_156' title='bbox 417 1764 605 1798; x_wconf 87' lang='lat' dir='ltr'>ferentibus.</span> 
     </span>
    </p>
   </div>
   <div class='ocr_carea' id='block_1_12' title="bbox 215 1822 757 2002">
    <p class='ocr_par' dir='ltr' id='par_1_14' title="bbox 215 1822 757 2002">
     <span class='ocr_line' id='line_1_36' title="bbox 215 1822 757 1867; baseline -0.009 -8"><span class='ocrx_word' id='word_1_157' title='bbox 215 1826 247 1859; x_wconf 81' lang='grc'>7.</span> <span class='ocrx_word' id='word_1_158' title='bbox 273 1823 377 1865; x_wconf 82' lang='lat' dir='ltr'>Mare,</span> <span class='ocrx_word' id='word_1_159' title='bbox 403 1823 544 1867; x_wconf 77' lang='lat' dir='ltr'>inquam,</span> <span class='ocrx_word' id='word_1_160' title='bbox 571 1822 757 1855; x_wconf 79' lang='lat' dir='ltr'>redundans</span> 
     </span>
     <span class='ocr_line' id='line_1_37' title="bbox 325 1871 583 1912; baseline 0 -8"><span class='ocrx_word' id='word_1_161' title='bbox 325 1871 402 1905; x_wconf 85' lang='lat' dir='ltr'>Sine</span> <span class='ocrx_word' id='word_1_162' title='bbox 425 1871 583 1912; x_wconf 75' lang='lat' dir='ltr'>pen&#39;eulo,</span> 
     </span>
     <span class='ocr_line' id='line_1_38' title="bbox 278 1919 720 1954; baseline -0.009 0"><span class='ocrx_word' id='word_1_163' title='bbox 278 1920 408 1954; x_wconf 78' lang='lat' dir='ltr'>Cunctis</span> <span class='ocrx_word' id='word_1_164' title='bbox 433 1920 526 1952; x_wconf 89' lang='lat' dir='ltr'>bonis</span> <span class='ocrx_word' id='word_1_165' title='bbox 551 1919 720 1953; x_wconf 82' lang='lat' dir='ltr'>abundans</span> 
     </span>
     <span class='ocr_line' id='line_1_39' title="bbox 324 1967 608 2002; baseline -0.011 0"><span class='ocrx_word' id='word_1_166' title='bbox 324 1968 453 2002; x_wconf 88' lang='lat' dir='ltr'>Inunda</span> <span class='ocrx_word' id='word_1_167' title='bbox 477 1967 608 2001; x_wconf 83' lang='lat' dir='ltr'>famulo.</span> 
     </span>
    </p>
   </div>
   <div class='ocr_carea' id='block_1_13' title="bbox 216 2026 662 2205">
    <p class='ocr_par' dir='ltr' id='par_1_15' title="bbox 216 2026 662 2205">
     <span class='ocr_line' id='line_1_40' title="bbox 216 2026 634 2061; baseline -0.005 0"><span class='ocrx_word' id='word_1_168' title='bbox 216 2028 249 2061; x_wconf 90' lang='lat'>8.</span> <span class='ocrx_word' id='word_1_169' title='bbox 275 2026 373 2060; x_wconf 86' lang='lat' dir='ltr'>Tanti</span> <span class='ocrx_word' id='word_1_170' title='bbox 396 2027 494 2059; x_wconf 82' lang='lat' dir='ltr'>maris</span> <span class='ocrx_word' id='word_1_171' title='bbox 521 2026 634 2059; x_wconf 86' lang='lat' dir='ltr'>rivulis</span> 
     </span>
     <span class='ocr_line' id='line_1_41' title="bbox 323 2075 662 2116; baseline -0.009 -8"><span class='ocrx_word' id='word_1_172' title='bbox 323 2075 400 2116; x_wconf 82' lang='lat' dir='ltr'>Ipse</span> <span class='ocrx_word' id='word_1_173' title='bbox 424 2077 491 2108; x_wconf 80' lang='lat' dir='ltr'>tam</span> <span class='ocrx_word' id='word_1_174' title='bbox 517 2075 662 2107; x_wconf 83' lang='lat' dir='ltr'>conscius</span> 
     </span>
     <span class='ocr_line' id='line_1_42' title="bbox 274 2122 616 2156; baseline -0.006 0"><span class='ocrx_word' id='word_1_175' title='bbox 274 2125 306 2156; x_wconf 92' lang='lat' dir='ltr'>A</span> <span class='ocrx_word' id='word_1_176' title='bbox 333 2123 456 2156; x_wconf 81' lang='lat' dir='ltr'>cunctis</span> <span class='ocrx_word' id='word_1_177' title='bbox 482 2122 616 2155; x_wconf 86' lang='lat' dir='ltr'>maculis</span> 
     </span>
     <span class='ocr_line' id='line_1_43' title="bbox 323 2171 599 2205; baseline -0.011 0"><span class='ocrx_word' id='word_1_178' title='bbox 323 2171 431 2205; x_wconf 87' lang='lat' dir='ltr'>Laver</span> <span class='ocrx_word' id='word_1_179' title='bbox 451 2172 599 2204; x_wconf 85' lang='lat' dir='ltr'>interius.</span> 
     </span>
    </p>
   </div>
   <div class='ocr_carea' id='block_1_14' title="bbox 957 1216 1350 1252">
    <p class='ocr_par' dir='ltr' id='par_1_16' title="bbox 957 1216 1350 1252">
     <span class='ocr_line' id='line_1_44' title="bbox 957 1216 1350 1252; baseline -0.013 0"><span class='ocrx_word' id='word_1_180' title='bbox 957 1243 966 1252; x_wconf 91' lang='lat'><em>.</em></span> <span class='ocrx_word' id='word_1_181' title='bbox 995 1218 1143 1252; x_wconf 87' lang='lat' dir='ltr'>Currenti</span> <span class='ocrx_word' id='word_1_182' title='bbox 1166 1216 1350 1249; x_wconf 84' lang='lat' dir='ltr'>mentaliter</span> 
     </span>
    </p>
   </div>
   <div class='ocr_carea' id='block_1_15' title="bbox 992 1264 1348 1400">
    <p class='ocr_par' dir='ltr' id='par_1_17' title="bbox 992 1264 1348 1400">
     <span class='ocr_line' id='line_1_45' title="bbox 1038 1264 1348 1304; baseline -0.006 -7"><span class='ocrx_word' id='word_1_183' title='bbox 1038 1265 1093 1297; x_wconf 84' lang='lat' dir='ltr'>Ad</span> <span class='ocrx_word' id='word_1_184' title='bbox 1118 1267 1151 1297; x_wconf 83' lang='lat' dir='ltr'>te</span> <span class='ocrx_word' id='word_1_185' title='bbox 1175 1264 1218 1296; x_wconf 88' lang='lat' dir='ltr'>sis</span> <span class='ocrx_word' id='word_1_186' title='bbox 1244 1264 1348 1304; x_wconf 85' lang='lat' dir='ltr'>obvia,</span> 
     </span>
     <span class='ocr_line' id='line_1_46' title="bbox 992 1312 1314 1351; baseline -0.006 -6"><span class='ocrx_word' id='word_1_187' title='bbox 992 1313 1133 1345; x_wconf 88' lang='lat' dir='ltr'>Subveni</span> <span class='ocrx_word' id='word_1_188' title='bbox 1157 1312 1314 1351; x_wconf 81' lang='lat' dir='ltr'>celeriter,</span> 
     </span>
     <span class='ocr_line' id='line_1_47' title="bbox 1041 1360 1293 1400; baseline -0.008 -7"><span class='ocrx_word' id='word_1_189' title='bbox 1041 1360 1117 1393; x_wconf 83' lang='lat' dir='ltr'>Fias</span> <span class='ocrx_word' id='word_1_190' title='bbox 1143 1360 1293 1400; x_wconf 84' lang='lat' dir='ltr'>propitia.</span> 
     </span>
    </p>
   </div>
   <div class='ocr_carea' id='block_1_16' title="bbox 959 1413 1477 1462">
    <p class='ocr_par' dir='ltr' id='par_1_18' title="bbox 959 1413 1477 1462">
     <span class='ocr_line' id='line_1_48' title="bbox 959 1413 1477 1462; baseline -0.008 -11"><span class='ocrx_word' id='word_1_191' title='bbox 959 1443 966 1451; x_wconf 90' lang='lat'><strong><em>.</em></strong></span> <span class='ocrx_word' id='word_1_192' title='bbox 992 1418 1156 1458; x_wconf 81' lang='lat' dir='ltr'>Numquid</span> <span class='ocrx_word' id='word_1_193' title='bbox 1180 1413 1246 1462; x_wconf 83' lang='lat' dir='ltr'>[tu]</span> <span class='ocrx_word' id='word_1_194' title='bbox 1268 1425 1332 1449; x_wconf 84' lang='lat' dir='ltr'>non</span> <span class='ocrx_word' id='word_1_195' title='bbox 1356 1417 1477 1456; x_wconf 79' lang='lat' dir='ltr'>poteris</span> 
     </span>
    </p>
   </div>
   <div class='ocr_carea' id='block_1_17' title="bbox 995 1465 1415 1601">
    <p class='ocr_par' dir='ltr' id='par_1_19' title="bbox 995 1465 1415 1601">
     <span class='ocr_line' id='line_1_49' title="bbox 1039 1465 1415 1505; baseline -0.008 -7"><span class='ocrx_word' id='word_1_196' title='bbox 1039 1465 1119 1498; x_wconf 79' lang='lat' dir='ltr'>Mox</span> <span class='ocrx_word' id='word_1_197' title='bbox 1144 1466 1249 1499; x_wconf 71' lang='lat' dir='ltr'>lesum</span> <span class='ocrx_word' id='word_1_198' title='bbox 1275 1465 1415 1505; x_wconf 85' lang='lat' dir='ltr'>placare,</span> 
     </span>
     <span class='ocr_line' id='line_1_50' title="bbox 995 1512 1383 1555; baseline -0.01 -8"><span class='ocrx_word' id='word_1_199' title='bbox 995 1514 1074 1547; x_wconf 90' lang='lat' dir='ltr'>Cum</span> <span class='ocrx_word' id='word_1_200' title='bbox 1098 1514 1203 1555; x_wconf 88' lang='lat' dir='ltr'>ipsum</span> <span class='ocrx_word' id='word_1_201' title='bbox 1229 1512 1383 1545; x_wconf 82' lang='lat' dir='ltr'>merueris</span> 
     </span>
     <span class='ocr_line' id='line_1_51' title="bbox 1039 1558 1351 1601; baseline -0.013 -6"><span class='ocrx_word' id='word_1_202' title='bbox 1039 1562 1115 1595; x_wconf 87' lang='lat' dir='ltr'>Sola</span> <span class='ocrx_word' id='word_1_203' title='bbox 1139 1565 1175 1594; x_wconf 92' lang='lat' dir='ltr'>tu</span> <span class='ocrx_word' id='word_1_204' title='bbox 1199 1558 1351 1601; x_wconf 61' lang='lat' dir='ltr'>portares</span> 
     </span>
    </p>
   </div>
   <div class='ocr_carea' id='block_1_18' title="bbox 957 1618 1328 1659">
    <p class='ocr_par' dir='ltr' id='par_1_20' title="bbox 957 1618 1328 1659">
     <span class='ocr_line' id='line_1_52' title="bbox 957 1618 1328 1659; baseline -0.011 -6"><span class='ocrx_word' id='word_1_205' title='bbox 957 1645 965 1653; x_wconf 89' lang='lat'><strong>.</strong></span> <span class='ocrx_word' id='word_1_206' title='bbox 992 1620 1099 1653; x_wconf 82' lang='lat' dir='ltr'>Credo</span> <span class='ocrx_word' id='word_1_207' title='bbox 1124 1620 1194 1652; x_wconf 85' lang='lat' dir='ltr'>sine</span> <span class='ocrx_word' id='word_1_208' title='bbox 1219 1618 1328 1659; x_wconf 81' lang='lat' dir='ltr'>dubio,</span> 
     </span>
    </p>
   </div>
   <div class='ocr_carea' id='block_1_19' title="bbox 991 1665 1490 1803">
    <p class='ocr_par' dir='ltr' id='par_1_21' title="bbox 991 1665 1490 1803">
     <span class='ocr_line' id='line_1_53' title="bbox 1040 1665 1490 1708; baseline -0.009 -7"><span class='ocrx_word' id='word_1_209' title='bbox 1040 1668 1142 1708; x_wconf 67' lang='lat' dir='ltr'>Quod,</span> <span class='ocrx_word' id='word_1_210' title='bbox 1169 1666 1326 1708; x_wconf 84' lang='lat' dir='ltr'>quidquid</span> <span class='ocrx_word' id='word_1_211' title='bbox 1350 1665 1490 1707; x_wconf 83' lang='lat' dir='ltr'>rogabis,</span> 
     </span>
     <span class='ocr_line' id='line_1_54' title="bbox 991 1715 1246 1749; baseline 0 0"><span class='ocrx_word' id='word_1_212' title='bbox 991 1716 1030 1749; x_wconf 84' lang='lat' dir='ltr'>Id</span> <span class='ocrx_word' id='word_1_213' title='bbox 1056 1726 1076 1749; x_wconf 87' lang='lat' dir='ltr'>a</span> <span class='ocrx_word' id='word_1_214' title='bbox 1100 1719 1154 1748; x_wconf 79' lang='lat' dir='ltr'>tuo</span> <span class='ocrx_word' id='word_1_215' title='bbox 1178 1715 1246 1749; x_wconf 85' lang='lat' dir='ltr'>filio</span> 
     </span>
     <span class='ocr_line' id='line_1_55' title="bbox 1039 1761 1378 1803; baseline -0.003 -6"><span class='ocrx_word' id='word_1_216' title='bbox 1039 1764 1155 1797; x_wconf 83' lang='lat' dir='ltr'>Statim</span> <span class='ocrx_word' id='word_1_217' title='bbox 1179 1761 1378 1803; x_wconf 79' lang='lat' dir='ltr'>impetrabis,</span> 
     </span>
    </p>
   </div>
   <div class='ocr_carea' id='block_1_20' title="bbox 957 1819 1312 1856">
    <p class='ocr_par' dir='ltr' id='par_1_22' title="bbox 957 1819 1312 1856">
     <span class='ocr_line' id='line_1_56' title="bbox 957 1819 1312 1856; baseline -0.008 -1"><span class='ocrx_word' id='word_1_218' title='bbox 957 1849 964 1856; x_wconf 94' lang='lat'><strong><em>.</em></strong></span> <span class='ocrx_word' id='word_1_219' title='bbox 991 1823 1076 1855; x_wconf 87' lang='lat' dir='ltr'>Vere</span> <span class='ocrx_word' id='word_1_220' title='bbox 1100 1822 1164 1855; x_wconf 83' lang='lat' dir='ltr'>tuis</span> <span class='ocrx_word' id='word_1_221' title='bbox 1190 1819 1312 1853; x_wconf 87' lang='lat' dir='ltr'>meritis</span> 
     </span>
    </p>
   </div>
   <div class='ocr_carea' id='block_1_21' title="bbox 989 1869 1436 2000">
    <p class='ocr_par' dir='ltr' id='par_1_23' title="bbox 989 1869 1436 2000">
     <span class='ocr_line' id='line_1_57' title="bbox 1037 1869 1299 1904; baseline -0.015 0"><span class='ocrx_word' id='word_1_222' title='bbox 1037 1871 1133 1904; x_wconf 84' lang='lat' dir='ltr'>Potes</span> <span class='ocrx_word' id='word_1_223' title='bbox 1157 1869 1299 1902; x_wconf 85' lang='lat' dir='ltr'>liberare</span> 
     </span>
     <span class='ocr_line' id='line_1_58' title="bbox 989 1914 1436 1952; baseline -0.016 0"><span class='ocrx_word' id='word_1_224' title='bbox 989 1919 1068 1952; x_wconf 83' lang='lat' dir='ltr'>Mox</span> <span class='ocrx_word' id='word_1_225' title='bbox 1093 1927 1145 1951; x_wconf 87' lang='lat' dir='ltr'>me</span> <span class='ocrx_word' id='word_1_226' title='bbox 1170 1917 1292 1950; x_wconf 84' lang='lat' dir='ltr'>cunctis</span> <span class='ocrx_word' id='word_1_227' title='bbox 1319 1914 1436 1948; x_wconf 81' lang='lat' dir='ltr'>debitis</span> 
     </span>
     <span class='ocr_line' id='line_1_59' title="bbox 1035 1966 1328 2000; baseline -0.01 0"><span class='ocrx_word' id='word_1_228' title='bbox 1035 1967 1081 2000; x_wconf 86' lang='lat' dir='ltr'>Et</span> <span class='ocrx_word' id='word_1_229' title='bbox 1103 1967 1187 2000; x_wconf 86' lang='lat' dir='ltr'>bene</span> <span class='ocrx_word' id='word_1_230' title='bbox 1214 1966 1328 1998; x_wconf 82' lang='lat' dir='ltr'>ditare.</span> 
     </span>
    </p>
   </div>
   <div class='ocr_carea' id='block_1_22' title="bbox 955 2023 1330 2067">
    <p class='ocr_par' dir='ltr' id='par_1_24' title="bbox 955 2023 1330 2067">
     <span class='ocr_line' id='line_1_60' title="bbox 955 2023 1330 2067; baseline -0.011 -8"><span class='ocrx_word' id='word_1_231' title='bbox 955 2052 963 2059; x_wconf 89' lang='lat'>.</span> <span class='ocrx_word' id='word_1_232' title='bbox 988 2025 1076 2067; x_wconf 77' lang='lat' dir='ltr'>Ergo</span> <span class='ocrx_word' id='word_1_233' title='bbox 1102 2024 1191 2067; x_wconf 89' lang='lat' dir='ltr'>mihi,</span> <span class='ocrx_word' id='word_1_234' title='bbox 1216 2023 1330 2064; x_wconf 85' lang='lat' dir='ltr'>rogito,</span> 
     </span>
    </p>
   </div>
   <div class='ocr_carea' id='block_1_23' title="bbox 1037 2072 1312 2106">
    <p class='ocr_par' dir='ltr' id='par_1_25' title="bbox 1037 2072 1312 2106">
     <span class='ocr_line' id='line_1_61' title="bbox 1037 2072 1312 2106; baseline -0.011 0"><span class='ocrx_word' id='word_1_235' title='bbox 1037 2073 1207 2106; x_wconf 83' lang='lat' dir='ltr'>Postulare</span> <span class='ocrx_word' id='word_1_236' title='bbox 1232 2072 1312 2104; x_wconf 84' lang='lat' dir='ltr'>velis</span> 
     </span>
    </p>
   </div>
   <div class='ocr_carea' id='block_1_24' title="bbox 965 2120 1290 2161">
    <p class='ocr_par' dir='ltr' id='par_1_26' title="bbox 965 2120 1290 2161">
     <span class='ocr_line' id='line_1_62' title="bbox 965 2120 1290 2161; baseline -0.009 -7"><span class='ocrx_word' id='word_1_237' title='bbox 965 2122 1106 2154; x_wconf 86' lang='lat' dir='ltr'>Divitias</span> <span class='ocrx_word' id='word_1_238' title='bbox 1128 2130 1148 2153; x_wconf 87' lang='lat' dir='ltr'>a</span> <span class='ocrx_word' id='word_1_239' title='bbox 1172 2120 1290 2161; x_wconf 71' lang='lat' dir='ltr'>genito,</span> 
     </span>
    </p>
   </div>
   <div class='ocr_carea' id='block_1_25' title="bbox 1037 2164 1425 2209">
    <p class='ocr_par' dir='ltr' id='par_1_27' title="bbox 1037 2164 1425 2209">
     <span class='ocr_line' id='line_1_63' title="bbox 1037 2164 1425 2209; baseline -0.013 -6"><span class='ocrx_word' id='word_1_240' title='bbox 1037 2169 1125 2209; x_wconf 78' lang='lat' dir='ltr'>Quae</span> <span class='ocrx_word' id='word_1_241' title='bbox 1150 2168 1252 2201; x_wconf 85' lang='lat' dir='ltr'>fluunt</span> <span class='ocrx_word' id='word_1_242' title='bbox 1277 2176 1295 2199; x_wconf 91' lang='lat' dir='ltr'>e</span> <span class='ocrx_word' id='word_1_243' title='bbox 1318 2164 1425 2198; x_wconf 85' lang='lat' dir='ltr'>caelis.</span> 
     </span>
    </p>
   </div>
   <div class='ocr_carea' id='block_1_26' title="bbox 201 2220 1528 2421">
    <p class='ocr_par' dir='ltr' id='par_1_28' title="bbox 201 2220 1528 2418">
     <span class='ocr_line' id='line_1_64' title="bbox 282 2220 1524 2259; baseline -0.007 -1"><span class='ocrx_word' id='word_1_244' title='bbox 282 2230 363 2259; x_wconf 75' lang='lat' dir='ltr'>Orat.</span> <span class='ocrx_word' id='word_1_245' title='bbox 384 2237 437 2256; x_wconf 80' lang='lat' dir='ltr'>ms.</span> <span class='ocrx_word' id='word_1_246' title='bbox 460 2227 695 2256; x_wconf 81' lang='lat' dir='ltr'>Caelestinorum</span> <span class='ocrx_word' id='word_1_247' title='bbox 715 2235 792 2256; x_wconf 84' lang='lat' dir='ltr'>saec.</span> <span class='ocrx_word' id='word_1_248' title='bbox 810 2226 853 2256; x_wconf 89' lang='grc'>15.</span> <span class='ocrx_word' id='word_1_249' title='bbox 882 2227 951 2256; x_wconf 76' lang='lat' dir='ltr'>eod.</span> <span class='ocrx_word' id='word_1_250' title='bbox 973 2228 1083 2255; x_wconf 86' lang='lat' dir='ltr'>Meten.</span> <span class='ocrx_word' id='word_1_251' title='bbox 1104 2223 1170 2254; x_wconf 82' lang='lat'>571.</span> <span class='ocrx_word' id='word_1_252' title='bbox 1193 2239 1230 2244; x_wconf 80' lang='lat'>--</span> <span class='ocrx_word' id='word_1_253' title='bbox 1251 2222 1276 2258; x_wconf 78' lang='lat'>3,</span> <span class='ocrx_word' id='word_1_254' title='bbox 1300 2220 1318 2250; x_wconf 83' lang='lat'><strong>3</strong></span> <span class='ocrx_word' id='word_1_255' title='bbox 1333 2225 1378 2252; x_wconf 85' lang='lat' dir='ltr'>est</span> <span class='ocrx_word' id='word_1_256' title='bbox 1390 2222 1472 2250; x_wconf 85' lang='lat' dir='ltr'>fehlt.</span> <span class='ocrx_word' id='word_1_257' title='bbox 1487 2233 1524 2239; x_wconf 79' lang='grc'>-</span> 
     </span>
     <span class='ocr_line' id='line_1_65' title="bbox 206 2245 1527 2304; baseline -0.006 -6.888"><span class='ocrx_word' id='word_1_258' title='bbox 206 2267 250 2304; x_wconf 89' lang='grc'>10</span> <span class='ocrx_word' id='word_1_259' title='bbox 267 2267 286 2296; x_wconf 83' lang='lat'><strong><em>2</em></strong></span> <span class='ocrx_word' id='word_1_260' title='bbox 307 2269 331 2298; x_wconf 97' lang='grc' dir='ltr'>Ο</span> <span class='ocrx_word' id='word_1_261' title='bbox 352 2269 457 2296; x_wconf 78' lang='lat' dir='ltr'>tutum.</span> <span class='ocrx_word' id='word_1_262' title='bbox 481 2281 519 2286; x_wconf 94' lang='lat'>--</span> <span class='ocrx_word' id='word_1_263' title='bbox 542 2265 585 2301; x_wconf 86' lang='lat'>11,</span> <span class='ocrx_word' id='word_1_264' title='bbox 601 2264 619 2294; x_wconf 86' lang='lat'>3</span> <span class='ocrx_word' id='word_1_265' title='bbox 640 2266 665 2294; x_wconf 94' lang='lat' dir='ltr'>O</span> <span class='ocrx_word' id='word_1_266' title='bbox 684 2265 766 2294; x_wconf 84' lang='lat' dir='ltr'>fehlt.</span> <span class='ocrx_word' id='word_1_267' title='bbox 787 2281 825 2286; x_wconf 87' lang='lat'><em>-</em></span> <span class='ocrx_word' id='word_1_268' title='bbox 844 2267 903 2294; x_wconf 91' lang='lat' dir='ltr'>Die</span> <span class='ocrx_word' id='word_1_269' title='bbox 916 2267 972 2295; x_wconf 89' lang='lat' dir='ltr'>Hs</span> <span class='ocrx_word' id='word_1_270' title='bbox 986 2266 1039 2293; x_wconf 81' lang='lat' dir='ltr'>hat</span> <span class='ocrx_word' id='word_1_271' title='bbox 1052 2265 1100 2294; x_wconf 83' lang='lat' dir='ltr'>die</span> <span class='ocrx_word' id='word_1_272' title='bbox 1115 2245 1369 2298; x_wconf 56' lang='lat' dir='ltr'>Bemerkungen,</span> <span class='ocrx_word' id='word_1_273' title='bbox 1370 2262 1449 2298; x_wconf 76' lang='lat' dir='ltr'>,Alia</span> <span class='ocrx_word' id='word_1_274' title='bbox 1463 2271 1527 2290; x_wconf 82' lang='lat' dir='ltr'>ora-</span> 
     </span>
     <span class='ocr_line' id='line_1_66' title="bbox 201 2300 1528 2336; baseline -0.006 0"><span class='ocrx_word' id='word_1_275' title='bbox 201 2309 244 2336; x_wconf 87' lang='lat' dir='ltr'>tio</span> <span class='ocrx_word' id='word_1_276' title='bbox 273 2307 408 2336; x_wconf 79' lang='lat' dir='ltr'>eiusdem</span> <span class='ocrx_word' id='word_1_277' title='bbox 441 2305 479 2334; x_wconf 78' lang='lat' dir='ltr'>ad</span> <span class='ocrx_word' id='word_1_278' title='bbox 500 2305 631 2334; x_wconf 80' lang='lat' dir='ltr'>eandem.</span> <span class='ocrx_word' id='word_1_279' title='bbox 635 2301 649 2317; x_wconf 83' lang='lat'><strong>“</strong></span> <span class='ocrx_word' id='word_1_280' title='bbox 688 2305 738 2333; x_wconf 83' lang='lat' dir='ltr'>Da</span> <span class='ocrx_word' id='word_1_281' title='bbox 764 2305 895 2333; x_wconf 85' lang='lat' dir='ltr'>dieselbe</span> <span class='ocrx_word' id='word_1_282' title='bbox 919 2305 1031 2333; x_wconf 82' lang='lat' dir='ltr'>keinen</span> <span class='ocrx_word' id='word_1_283' title='bbox 1049 2304 1165 2333; x_wconf 82' lang='lat' dir='ltr'>Namen</span> <span class='ocrx_word' id='word_1_284' title='bbox 1185 2303 1291 2335; x_wconf 81' lang='lat' dir='ltr'>nennt,</span> <span class='ocrx_word' id='word_1_285' title='bbox 1318 2300 1454 2329; x_wconf 83' lang='lat' dir='ltr'>erfahren</span> <span class='ocrx_word' id='word_1_286' title='bbox 1474 2302 1528 2328; x_wconf 88' lang='lat' dir='ltr'>wir</span> 
     </span>
     <span class='ocr_line' id='line_1_67' title="bbox 202 2339 1527 2380; baseline -0.006 -6"><span class='ocrx_word' id='word_1_287' title='bbox 202 2356 274 2380; x_wconf 91' lang='lat' dir='ltr'>nur,</span> <span class='ocrx_word' id='word_1_288' title='bbox 303 2346 368 2374; x_wconf 78' lang='lat' dir='ltr'>dass</span> <span class='ocrx_word' id='word_1_289' title='bbox 395 2346 447 2374; x_wconf 80' lang='lat' dir='ltr'>der</span> <span class='ocrx_word' id='word_1_290' title='bbox 473 2353 619 2380; x_wconf 79' lang='lat' dir='ltr'>anonyme</span> <span class='ocrx_word' id='word_1_291' title='bbox 638 2344 793 2372; x_wconf 78' lang='lat' dir='ltr'>Verfasser</span> <span class='ocrx_word' id='word_1_292' title='bbox 823 2344 919 2372; x_wconf 79' lang='lat' dir='ltr'>dieses</span> <span class='ocrx_word' id='word_1_293' title='bbox 938 2344 1047 2371; x_wconf 83' lang='lat' dir='ltr'>Liedes</span> <span class='ocrx_word' id='word_1_294' title='bbox 1074 2343 1134 2371; x_wconf 74' lang='lat' dir='ltr'>und</span> <span class='ocrx_word' id='word_1_295' title='bbox 1162 2342 1212 2369; x_wconf 81' lang='lat' dir='ltr'>des</span> <span class='ocrx_word' id='word_1_296' title='bbox 1240 2340 1352 2376; x_wconf 74' lang='lat' dir='ltr'>langon</span> <span class='ocrx_word' id='word_1_297' title='bbox 1370 2339 1527 2368; x_wconf 77' lang='lat' dir='ltr'>Gediehtes</span> 
     </span>
     <span class='ocr_line' id='line_1_68' title="bbox 201 2361 1489 2421; baseline -0.006 -8"><span class='ocrx_word' id='word_1_298' title='bbox 201 2385 276 2413; x_wconf 82' lang='lat' dir='ltr'>iiber</span> <span class='ocrx_word' id='word_1_299' title='bbox 297 2384 346 2413; x_wconf 83' lang='lat' dir='ltr'>die</span> <span class='ocrx_word' id='word_1_300' title='bbox 367 2384 537 2420; x_wconf 81' lang='lat' dir='ltr'>Psalmen,</span> <span class='ocrx_word' id='word_1_301' title='bbox 537 2373 683 2421; x_wconf 67' lang='lat' dir='ltr'>,Quoniam</span> <span class='ocrx_word' id='word_1_302' title='bbox 703 2384 777 2418; x_wconf 67' lang='lat' dir='ltr'>virqo</span> <span class='ocrx_word' id='word_1_303' title='bbox 796 2383 892 2411; x_wconf 70' lang='lat' dir='ltr'>Maria</span> <span class='ocrx_word' id='word_1_304' title='bbox 913 2379 984 2411; x_wconf 74' lang='lat' dir='ltr'>etc.“</span> <span class='ocrx_word' id='word_1_305' title='bbox 1009 2383 1057 2410; x_wconf 84' lang='lat' dir='ltr'>ein</span> <span class='ocrx_word' id='word_1_306' title='bbox 1076 2381 1138 2409; x_wconf 81' lang='lat' dir='ltr'>und</span> <span class='ocrx_word' id='word_1_307' title='bbox 1159 2379 1291 2408; x_wconf 81' lang='lat' dir='ltr'>dieselbe</span> <span class='ocrx_word' id='word_1_308' title='bbox 1293 2361 1421 2406; x_wconf 41' lang='lat' dir='ltr'>²’‘&#39;Pcrson</span> <span class='ocrx_word' id='word_1_309' title='bbox 1440 2378 1489 2405; x_wconf 75' lang='lat' dir='ltr'>ist.</span> 
     </span>
    </p>
   </div>
   <div class='ocr_carea' id='block_1_27' title="bbox 1311 2423 1353 2452">
    <p class='ocr_par' dir='ltr' id='par_1_29' title="bbox 1311 2423 1353 2452">
     <span class='ocr_line' id='line_1_69' title="bbox 1311 2423 1353 2452; baseline 0 -12"><span class='ocrx_word' id='word_1_310' title='bbox 1311 2423 1353 2452; x_wconf 70' lang='lat'>9*</span> 
     </span>
    </p>
   </div>
  </div>
 </body>
</html>
