1651 2606
729 93 965 132 —21-

571 190 611 223 17.
641 191 740 224 Meti-a
761 191 798 223 de
818 191 920 223 Verbo
940 190 1112 222 incarnato.

201 250 232 282 1.
259 248 406 283 Verbum
430 260 451 283 a
474 252 634 292 principio

306 298 490 331 Procedens
516 302 656 342 aeterno,

260 345 352 385 Quod
379 349 494 379 cuncta
520 347 652 380 consilio

309 393 436 426 Greasti
461 399 601 438 aeterno,

260 441 308 473 Te
333 450 448 481 rogare
474 441 576 483 cupio,

306 488 382 522 Tibi
406 498 457 521 me
481 490 662 531 prosterno,

261 536 418 577 Purgatos
444 546 464 568 a
489 536 565 568 vitio

306 583 417 616 Salves
443 584 483 616 ab
509 582 644 616 inferno.

201 641 232 672 2.
258 640 388 680 Lucem,
417 641 549 682 caelum,
577 640 686 673 sidera

305 688 424 721 Creans
449 696 509 728 per
532 688 728 729 mandatum,

257 734 401 775 Terram,
427 738 569 777 pontum,
597 736 738 777 aethera,

304 782 435 816 Cunctis
462 783 540 816 dans
566 786 723 824 ornatum,

256 830 363 863 Adam
390 832 422 861 et
445 833 520 871 post
545 833 651 863 cetera

303 877 426 912 Ceteris
450 878 642 919 praelatum,

255 924 322 957 Nos
348 926 447 968 salva,
474 935 531 958 nos
556 925 660 957 libera

301 972 436 1005 Diluens
461 976 595 1005 reatum.

199 1030 230 1062 3.
257 1029 317 1068 Qui
343 1029 399 1061 das
424 1029 527 1061 locum
553 1028 720 1068 proprium

299 1077 394 1109 Vitae
417 1076 608 1119 innocentis,

253 1123 410 1156 Formans
434 1123 468 1155 in
493 1123 646 1156 auxilium

301 1171 429 1204 Costam
456 1170 653 1209 dormientis,

251 1218 375 1259 Lapsos
401 1227 460 1258 per
485 1218 625 1251 edulium

299 1265 424 1298 Subicis
448 1266 626 1306 tormentis,

251 1314 375 1346 Praebe
399 1317 431 1344 te
455 1313 630 1355 propitium

298 1360 389 1393 Votis
414 1360 619 1400 paenitentis.

188 1418 221 1450 4.
248 1418 309 1457 Qui
328 1425 462 1449 munera
485 1416 642 1456 simplicis

297 1465 382 1498 Abel
406 1465 579 1505 reprobato

251 1512 331 1546 Cain
355 1512 409 1552 pie
433 1512 568 1553 respicis

294 1561 337 1592 Et
361 1559 447 1592 Abel
470 1562 584 1592 necato

247 1608 350 1642 Facta
374 1608 514 1641 Lamech
540 1607 679 1648 despicis

295 1655 430 1688 Henoch
453 1656 530 1687 hinc
552 1655 722 1698 translato,

249 1702 316 1735 Nos
343 1704 444 1735 vultui
469 1703 584 1736 iudicis

294 1752 470 1784 Praesenta
493 1752 630 1791 placato.

188 1808 218 1840 5.
244 1808 305 1848 Qui
331 1808 402 1841 Noe
426 1817 504 1849 prae
530 1808 644 1840 ceteris

292 1857 417 1890 Iustum
440 1855 601 1894 invenisti,

246 1905 305 1939 Oui
329 1906 404 1946 post
426 1914 524 1945 aquas
549 1902 691 1936 foederis

292 1952 423 1994 Signum
447 1952 597 1992 tribuisti,

943 251 1002 290 Qui
1029 250 1160 292 superbi
1185 250 1310 291 generis

990 299 1131 340 Linguas
1158 297 1342 339 confudisti,

942 345 1009 378 Nos
1035 356 1054 379 a
1077 345 1150 378 labe
1175 345 1305 378 sceleris

996 395 1102 435 Purga
1128 393 1210 426 dono
1236 393 1366 427 Christi.

910 451 941 484 6.
968 451 1028 490 Qui
1054 451 1110 483 das
1134 450 1244 483 Abrae
1269 450 1396 483 titulum

1016 499 1137 531 Terrae
1161 498 1292 531 visionis

968 545 1013 577 Et
1037 545 1130 579 sarai
1154 546 1305 578 lectulum

1015 593 1115 626 Paras
1139 593 1328 633 Pharaonis,

967 640 1091 673 Abram
1117 643 1149 672 et
1173 640 1357 681 nepotulum

1012 688 1125 720 Multis
1152 688 1236 720 ditas
1263 688 1366 730 donis,

967 734 1063 769 Salva
1086 744 1144 768 nos
1169 736 1203 767 in
1227 736 1387 768 saeculum

1018 783 1070 815 Ex
1095 791 1151 814 ore
1175 783 1286 816 leonis.

933 866 940 873 .
967 839 1119 872 Sternens
1144 848 1235 880 reges
1260 840 1401 882 gentium

1010 888 1075 919 Per
1099 895 1215 926 panem
1240 891 1272 919 et
1296 887 1403 919 vinum

965 933 1101 974 Signans
1127 933 1318 966 sacrificium

1010 981 1208 1014 Promissum
1235 982 1386 1022 divinum,

963 1028 1030 1060 Das
1055 1029 1164 1061 Abrae
1189 1029 1367 1069 conubium,

1009 1075 1100 1108 Dans
1125 1076 1231 1108 eidem
1253 1077 1374 1119 binum,

964 1122 1035 1154 Duc
1060 1132 1116 1156 nos
1142 1127 1215 1163 post
1241 1124 1387 1156 exsilium

1010 1171 1065 1202 Ad
1089 1170 1242 1203 Abrahae
1264 1172 1378 1205 sinum.

894 1228 924 1261 8.
952 1226 1147 1260 Circumciso
1172 1237 1306 1269 puerum

1012 1274 1169 1315 Spondes,
1197 1275 1236 1307 ab
1263 1275 1379 1307 ardore

960 1321 1046 1354 Loth
1073 1322 1206 1355 dimittis
1232 1323 1368 1354 liberum

1008 1369 1095 1409 Ignis
1122 1378 1192 1401 cum
1217 1369 1349 1410 foetore,

962 1415 1081 1448 Sordes
1106 1417 1200 1456 punis
1226 1418 1392 1459 scelerum,

1010 1464 1120 1497 Abrae
1143 1473 1203 1504 pro
1229 1473 1340 1497 sorore

962 1511 1090 1552 Regem,
1118 1514 1225 1544 coetus
1249 1520 1426 1552 pauperum

1012 1560 1127 1592 Serves
1152 1569 1172 1592 a
1197 1560 1319 1593 dolore.

903 1617 935 1650 9.
963 1616 1021 1657 Qui
1047 1617 1104 1649 das
1131 1617 1229 1650 Sarae
1256 1617 1434 1658 parvulum,

1008 1664 1099 1696 Eicis
1123 1664 1276 1703 lusorem,

962 1712 1136 1752 Temptans
1161 1716 1287 1752 patrem
1311 1712 1462 1753 vetulum,

1010 1759 1087 1792 Nati
1115 1760 1311 1801 dilectorem,

962 1806 1061 1840 Sarae
1084 1808 1220 1850 praebes
1245 1807 1410 1848 tumulum,

1010 1856 1104 1888 Isaac
1128 1865 1269 1896 uxorem,

962 1903 1014 1935 Ex
1034 1904 1096 1936 hoc
1121 1906 1153 1935 et
1176 1905 1211 1936 in
1235 1903 1396 1937 saeculum

1010 1952 1063 1984 Da
1086 1955 1175 1984 tuum
1200 1960 1351 1985 amorem.

552 2010 606 2043 10.
633 2009 723 2042 Dans
748 2008 914 2042 Rebeccae
940 2010 1099 2050 geminum

683 2057 923 2099 Benedictione,

635 2106 739 2139 Iacob·
758 2103 839 2137 facis
866 2105 1039 2149 dominum,

679 2153 784 2186 Foves
810 2153 943 2186 visione.

248 2211 321 2239 (jod.
341 2210 467 2238 Bernen.
488 2207 553 2238 592.
576 2218 650 2238 saec.
674 2208 719 2237 14.
740 2209 774 2236 A.
797 2225 834 2229 —-
856 2209 926 2237 Cod.
946 2209 1129 2275 Maihingen.
1150 2210 1182 2237 ΙΙ
1206 2208 1230 2237 1.
1251 2207 1279 2237 8c
1302 2207 1328 2235 7.
1349 2215 1425 2235 saec.
1448 2205 1492 2234 15.

171 2249 203 2277 Β.
229 2264 268 2268 ——
294 2247 324 2284 1,
345 2247 365 2276 4
387 2249 487 2285 rogari
511 2249 546 2276 A.
573 2263 609 2267 —
637 2246 662 2282 1,
683 2246 701 2276 8
728 2246 821 2275 Serva
848 2248 884 2276 ab
905 2247 939 2276 B.
961 2262 996 2266 —
1017 2246 1044 2282 2,

1103 2248 1193 2276 Dilue
1212 2248 1245 2275 B.
1265 2260 1304 2266 —
1323 2243 1349 2281 3,
1371 2243 1389 2273 8
1408 2245 1494 2273 Votis

172 2288 356 2324 deprecantis
377 2288 412 2315 Β.
431 2302 471 2306 -
490 2285 518 2321 4,
539 2284 556 2313 2
576 2287 741 2323 improbato
762 2286 797 2314 B.
818 2301 856 2305 —
875 2285 902 2321 5,
922 2284 943 2314 4
962 2285 1055 2322 Signa
1068 2287 1101 2314 B.
1115 2300 1154 2304 —
1168 2284 1193 2320 6,
1210 2285 1225 2313 1
1239 2286 1322 2313 Aben
1337 2285 1369 2312 B.
1385 2299 1418 2303 —
1436 2282 1462 2318 6,
1478 2282 1495 2311 5

172 2327 280 2354 Abiam
301 2330 331 2355 et
347 2326 521 2362 Nephtalim
541 2325 575 2352 B.
600 2340 638 2345 --
658 2323 683 2361 6,
704 2323 723 2353 8
744 2324 880 2353 draconis
901 2327 934 2354 B.
957 2339 994 2343 —
1014 2324 1040 2358 7,
1058 2324 1072 2353 1
1088 2326 1200 2353 Stel-nis
1214 2324 1247 2351 B.
1264 2337 1300 2342 —
1314 2321 1339 2356 7,
1354 2320 1372 2350 3
1387 2321 1494 2358 Signas

172 2365 206 2392 B.
227 2380 264 2385 —
285 2364 319 2400 7,
342 2364 359 2394 5
379 2365 463 2393 Dans
486 2365 520 2392 B.
542 2380 574 2384 —
601 2361 628 2398 8,
649 2362 667 2391 2
688 2363 841 2400 Spondens
861 2364 895 2392 B.
916 2378 954 2384 —
973 2360 1000 2397 8,
1021 2362 1041 2391 4
1060 2364 1167 2399 Igneus
1187 2363 1298 2390 foetore
1316 2361 1351 2388 A.
1372 2376 1409 2380 —
1429 2358 1455 2395 8,
1477 2358 1493 2388 7

175 2406 292 2432 coetum
312 2406 346 2433 B.
366 2418 404 2423 —
426 2403 484 2431 Str.
505 2401 523 2431 8
543 2403 606 2431 und
626 2400 661 2431 10
682 2401 781 2431 fehlen
799 2403 834 2430 A.
855 2417 891 2421 —-
912 2399 939 2435 9,
959 2400 977 2429 7
999 2404 1029 2429 et
1047 2402 1129 2430 fehlt.
1149 2416 1186 2420 —
1202 2401 1236 2428 In
1248 2399 1355 2429 beiden
1368 2400 1438 2427 Hss.
1455 2401 1496 2426 ist

177 2442 230 2471 das
252 2442 379 2472 Gedicht
398 2441 629 2478 unvollstiindig.
670 2442 727 2469 Die
744 2441 907 2469 Aufschrift
925 2440 1019 2468 bietet
1037 2441 1070 2467 B.
