<?xml version="1.0" encoding="UTF-8"?>
<!DOCTYPE html PUBLIC "-//W3C//DTD XHTML 1.0 Transitional//EN"
    "http://www.w3.org/TR/xhtml1/DTD/xhtml1-transitional.dtd">
<html xmlns="http://www.w3.org/1999/xhtml" xml:lang="en" lang="en">
 <head>
  <title>
</title>
<meta http-equiv="Content-Type" content="text/html;charset=utf-8" />
  <meta name='ocr-system' content='tesseract 3.04.00' />
  <meta name='ocr-capabilities' content='ocr_page ocr_carea ocr_par ocr_line ocrx_word'/>
</head>
<body>
  <div class='ocr_page' id='page_1' title='image "./analectahymnica31drevuoft_00121.png"; bbox 0 0 1651 2606; ppageno 0'>
   <div class='ocr_carea' id='block_1_1' title="bbox 197 560 726 593">
    <p class='ocr_par' dir='ltr' id='par_1_1' title="bbox 197 560 726 593">
     <span class='ocr_line' id='line_1_1' title="bbox 197 560 726 593; baseline -0.008 0"><span class='ocrx_word' id='word_1_1' title='bbox 197 564 264 593; x_wconf 84' lang='lat' dir='ltr'>Cod.</span> <span class='ocrx_word' id='word_1_2' title='bbox 284 564 479 591; x_wconf 82' lang='lat' dir='ltr'>Brunswicen.</span> <span class='ocrx_word' id='word_1_3' title='bbox 503 560 550 591; x_wconf 84' lang='lat'>48.</span> <span class='ocrx_word' id='word_1_4' title='bbox 577 571 652 591; x_wconf 82' lang='lat' dir='ltr'>saec.</span> <span class='ocrx_word' id='word_1_5' title='bbox 683 560 726 590; x_wconf 84' lang='lat'>15.</span> 
     </span>
    </p>
   </div>
   <div class='ocr_carea' id='block_1_2' title="bbox 647 68 906 104">
    <p class='ocr_par' dir='ltr' id='par_1_2' title="bbox 647 68 906 104">
     <span class='ocr_line' id='line_1_2' title="bbox 647 68 906 104; baseline 0 0"><span class='ocrx_word' id='word_1_6' title='bbox 647 68 906 104; x_wconf 81' lang='lat'>—118—</span> 
     </span>
    </p>
   </div>
   <div class='ocr_carea' id='block_1_3' title="bbox 474 164 1007 538">
    <p class='ocr_par' dir='ltr' id='par_1_3' title="bbox 474 164 955 300">
     <span class='ocr_line' id='line_1_3' title="bbox 474 164 912 205; baseline -0.014 -3"><span class='ocrx_word' id='word_1_7' title='bbox 474 169 527 202; x_wconf 87' lang='lat'>20.</span> <span class='ocrx_word' id='word_1_8' title='bbox 553 164 643 201; x_wconf 82' lang='lat' dir='ltr'>Nova</span> <span class='ocrx_word' id='word_1_9' title='bbox 667 165 757 198; x_wconf 85' lang='lat' dir='ltr'>fruar</span> <span class='ocrx_word' id='word_1_10' title='bbox 781 165 912 205; x_wconf 83' lang='lat' dir='ltr'><strong>visione,</strong></span> 
     </span>
     <span class='ocr_line' id='line_1_4' title="bbox 555 212 943 254; baseline -0.013 -7"><span class='ocrx_word' id='word_1_11' title='bbox 555 213 675 248; x_wconf 81' lang='lat' dir='ltr'>Christi</span> <span class='ocrx_word' id='word_1_12' title='bbox 698 212 760 245; x_wconf 92' lang='lat' dir='ltr'>Dei</span> <span class='ocrx_word' id='word_1_13' title='bbox 785 212 943 254; x_wconf 85' lang='lat' dir='ltr'>censione,</span> 
     </span>
     <span class='ocr_line' id='line_1_5' title="bbox 555 257 955 300; baseline -0.013 -6"><span class='ocrx_word' id='word_1_14' title='bbox 555 262 620 294; x_wconf 88' lang='lat' dir='ltr'>Pro</span> <span class='ocrx_word' id='word_1_15' title='bbox 644 259 804 300; x_wconf 87' lang='lat' dir='ltr'>sanguinis</span> <span class='ocrx_word' id='word_1_16' title='bbox 830 257 955 290; x_wconf 83' lang='lat' dir='ltr'>fusione</span> 
     </span>
    </p>

    <p class='ocr_par' dir='ltr' id='par_1_4' title="bbox 552 305 1007 490">
     <span class='ocr_line' id='line_1_6' title="bbox 601 305 958 347; baseline -0.008 -7"><span class='ocrx_word' id='word_1_17' title='bbox 601 308 695 341; x_wconf 83' lang='lat' dir='ltr'>Dona</span> <span class='ocrx_word' id='word_1_18' title='bbox 717 305 958 347; x_wconf 73' lang='lat' dir='ltr'>praecellentia,</span> 
     </span>
     <span class='ocr_line' id='line_1_7' title="bbox 554 353 939 395; baseline -0.013 -6"><span class='ocrx_word' id='word_1_19' title='bbox 554 353 644 389; x_wconf 81' lang='lat' dir='ltr'>Stola</span> <span class='ocrx_word' id='word_1_20' title='bbox 667 354 793 395; x_wconf 84' lang='lat' dir='ltr'>gemina</span> <span class='ocrx_word' id='word_1_21' title='bbox 816 354 939 394; x_wconf 87' lang='lat' dir='ltr'>beatus,</span> 
     </span>
     <span class='ocr_line' id='line_1_8' title="bbox 552 401 1007 443; baseline -0.007 -8"><span class='ocrx_word' id='word_1_22' title='bbox 552 401 689 435; x_wconf 87' lang='lat' dir='ltr'>Dotibus</span> <span class='ocrx_word' id='word_1_23' title='bbox 714 404 836 441; x_wconf 87' lang='lat' dir='ltr'>septem</span> <span class='ocrx_word' id='word_1_24' title='bbox 863 401 1007 443; x_wconf 78' lang='lat' dir='ltr'>donatus,</span> 
     </span>
     <span class='ocr_line' id='line_1_9' title="bbox 555 449 937 490; baseline -0.005 -8"><span class='ocrx_word' id='word_1_25' title='bbox 555 450 717 490; x_wconf 86' lang='lat' dir='ltr'>Perpetim</span> <span class='ocrx_word' id='word_1_26' title='bbox 742 449 937 489; x_wconf 86' lang='lat' dir='ltr'>glorificatus</span> 
     </span>
    </p>

    <p class='ocr_par' dir='ltr' id='par_1_5' title="bbox 600 495 930 538">
     <span class='ocr_line' id='line_1_10' title="bbox 600 495 930 538; baseline 0 -8"><span class='ocrx_word' id='word_1_27' title='bbox 600 497 686 530; x_wconf 84' lang='lat' dir='ltr'>Loco</span> <span class='ocrx_word' id='word_1_28' title='bbox 710 495 930 538; x_wconf 81' lang='lat' dir='ltr'>refulgentiae.</span> 
     </span>
    </p>
   </div>
   <div class='ocr_carea' id='block_1_4' title="bbox 118 903 658 940">
    <p class='ocr_par' dir='ltr' id='par_1_6' title="bbox 118 903 658 940">
     <span class='ocr_line' id='line_1_11' title="bbox 118 903 658 940; baseline -0.002 -7"><span class='ocrx_word' id='word_1_29' title='bbox 118 906 166 933; x_wconf 85' lang='lat' dir='ltr'>fac</span> <span class='ocrx_word' id='word_1_30' title='bbox 185 908 215 933; x_wconf 87' lang='lat' dir='ltr'>et</span> <span class='ocrx_word' id='word_1_31' title='bbox 230 906 315 934; x_wconf 85' lang='lat' dir='ltr'>bona.</span> <span class='ocrx_word' id='word_1_32' title='bbox 335 920 372 925; x_wconf 84' lang='lat'>—</span> <span class='ocrx_word' id='word_1_33' title='bbox 393 903 437 940; x_wconf 83' lang='lat'>13,</span> <span class='ocrx_word' id='word_1_34' title='bbox 458 904 476 934; x_wconf 92' lang='lat'>8</span> <span class='ocrx_word' id='word_1_35' title='bbox 496 906 600 934; x_wconf 84' lang='lat' dir='ltr'>salvat.</span> <span class='ocrx_word' id='word_1_36' title='bbox 620 920 658 925; x_wconf 83' lang='lat'>—</span> 
     </span>
    </p>
   </div>
   <div class='ocr_carea' id='block_1_5' title="bbox 192 942 1428 980">
    <p class='ocr_par' dir='ltr' id='par_1_7' title="bbox 192 942 1428 980">
     <span class='ocr_line' id='line_1_12' title="bbox 192 942 1428 980; baseline -0.001 -9"><span class='ocrx_word' id='word_1_37' title='bbox 192 945 263 972; x_wconf 86' lang='lat' dir='ltr'>Man</span> <span class='ocrx_word' id='word_1_38' title='bbox 280 944 402 972; x_wconf 84' lang='lat' dir='ltr'>beachte</span> <span class='ocrx_word' id='word_1_39' title='bbox 422 944 585 973; x_wconf 78' lang='lat' dir='ltr'>ausserdem</span> <span class='ocrx_word' id='word_1_40' title='bbox 604 945 656 972; x_wconf 81' lang='lat' dir='ltr'>das</span> <span class='ocrx_word' id='word_1_41' title='bbox 675 944 888 973; x_wconf 82' lang='lat' dir='ltr'>Akrostichon:</span> <span class='ocrx_word' id='word_1_42' title='bbox 912 944 1057 980; x_wconf 80' lang='lat' dir='ltr'>„Sanguis</span> <span class='ocrx_word' id='word_1_43' title='bbox 1077 944 1201 971; x_wconf 90' lang='lat' dir='ltr'>Domini</span> <span class='ocrx_word' id='word_1_44' title='bbox 1222 943 1318 971; x_wconf 82' lang='lat' dir='ltr'>nostri</span> <span class='ocrx_word' id='word_1_45' title='bbox 1336 942 1428 971; x_wconf 85' lang='lat' dir='ltr'>Ihesu</span> 
     </span>
    </p>
   </div>
   <div class='ocr_carea' id='block_1_6' title="bbox 119 979 450 1018">
    <p class='ocr_par' dir='ltr' id='par_1_8' title="bbox 119 979 450 1018">
     <span class='ocr_line' id='line_1_13' title="bbox 119 979 450 1018; baseline -0.003 -9"><span class='ocrx_word' id='word_1_46' title='bbox 119 982 210 1010; x_wconf 81' lang='lat' dir='ltr'>Cristi</span> <span class='ocrx_word' id='word_1_47' title='bbox 227 982 287 1010; x_wconf 85' lang='lat' dir='ltr'>hic</span> <span class='ocrx_word' id='word_1_48' title='bbox 304 979 450 1018; x_wconf 60' lang='lat' dir='ltr'>pmsensfl</span> 
     </span>
    </p>
   </div>
   <div class='ocr_carea' id='block_1_7' title="bbox 225 1588 279 1620">
    <p class='ocr_par' dir='ltr' id='par_1_9' title="bbox 225 1588 279 1620">
     <span class='ocr_line' id='line_1_14' title="bbox 225 1588 279 1620; baseline 0 0"><span class='ocrx_word' id='word_1_49' title='bbox 225 1588 279 1620; x_wconf 89' lang='lat'>10.</span> 
     </span>
    </p>
   </div>
   <div class='ocr_carea' id='block_1_8' title="bbox 226 1824 279 1857">
    <p class='ocr_par' dir='ltr' id='par_1_10' title="bbox 226 1824 279 1857">
     <span class='ocr_line' id='line_1_15' title="bbox 226 1824 279 1857; baseline -0.019 0"><span class='ocrx_word' id='word_1_50' title='bbox 226 1824 279 1857; x_wconf 88' lang='grc'>15.</span> 
     </span>
    </p>
   </div>
   <div class='ocr_carea' id='block_1_9' title="bbox 229 2064 283 2096">
    <p class='ocr_par' dir='ltr' id='par_1_11' title="bbox 229 2064 283 2096">
     <span class='ocr_line' id='line_1_16' title="bbox 229 2064 283 2096; baseline -0.019 0"><span class='ocrx_word' id='word_1_51' title='bbox 229 2064 283 2096; x_wconf 82' lang='lat'>20.</span> 
     </span>
    </p>
   </div>
   <div class='ocr_carea' id='block_1_10' title="bbox 227 2304 282 2336">
    <p class='ocr_par' dir='ltr' id='par_1_12' title="bbox 227 2304 282 2336">
     <span class='ocr_line' id='line_1_17' title="bbox 227 2304 282 2336; baseline 0 -1"><span class='ocrx_word' id='word_1_52' title='bbox 227 2304 282 2336; x_wconf 85' lang='lat'>25.</span> 
     </span>
    </p>
   </div>
   <div class='ocr_carea' id='block_1_11' title="bbox 534 1091 1008 1133">
    <p class='ocr_par' dir='ltr' id='par_1_13' title="bbox 534 1091 1008 1133">
     <span class='ocr_line' id='line_1_18' title="bbox 534 1091 1008 1133; baseline 0.002 -9"><span class='ocrx_word' id='word_1_53' title='bbox 534 1091 583 1124; x_wconf 88' lang='grc'>111.</span> <span class='ocrx_word' id='word_1_54' title='bbox 615 1092 662 1124; x_wconf 79' lang='lat' dir='ltr'>Ad</span> <span class='ocrx_word' id='word_1_55' title='bbox 681 1091 833 1133; x_wconf 82' lang='lat' dir='ltr'>Spiritum</span> <span class='ocrx_word' id='word_1_56' title='bbox 853 1092 1008 1125; x_wconf 81' lang='lat' dir='ltr'>Sanctum.</span> 
     </span>
    </p>
   </div>
   <div class='ocr_carea' id='block_1_12' title="bbox 303 1163 1221 1349">
    <p class='ocr_par' dir='ltr' id='par_1_14' title="bbox 303 1163 1057 1206">
     <span class='ocr_line' id='line_1_19' title="bbox 303 1163 1057 1206; baseline 0.004 -12"><span class='ocrx_word' id='word_1_57' title='bbox 303 1163 328 1195; x_wconf 95' lang='grc' dir='ltr'><strong>Ο</strong></span> <span class='ocrx_word' id='word_1_58' title='bbox 353 1164 504 1204; x_wconf 85' lang='lat' dir='ltr'>princeps</span> <span class='ocrx_word' id='word_1_59' title='bbox 529 1164 618 1203; x_wconf 84' lang='lat' dir='ltr'>pacis</span> <span class='ocrx_word' id='word_1_60' title='bbox 644 1166 677 1195; x_wconf 91' lang='lat' dir='ltr'>et</span> <span class='ocrx_word' id='word_1_61' title='bbox 699 1164 893 1206; x_wconf 83' lang='lat' dir='ltr'>principium</span> <span class='ocrx_word' id='word_1_62' title='bbox 916 1165 1057 1205; x_wconf 86' lang='lat' dir='ltr'>pietatis,</span> 
     </span>
    </p>

    <p class='ocr_par' dir='ltr' id='par_1_15' title="bbox 303 1210 1221 1349">
     <span class='ocr_line' id='line_1_20' title="bbox 303 1210 1221 1256; baseline 0.001 -14"><span class='ocrx_word' id='word_1_63' title='bbox 303 1210 329 1242; x_wconf 91' lang='lat' dir='ltr'>O</span> <span class='ocrx_word' id='word_1_64' title='bbox 353 1219 464 1243; x_wconf 83' lang='lat' dir='ltr'>verum</span> <span class='ocrx_word' id='word_1_65' title='bbox 487 1211 602 1251; x_wconf 81' lang='lat' dir='ltr'>iumen,</span> <span class='ocrx_word' id='word_1_66' title='bbox 628 1212 772 1244; x_wconf 86' lang='lat' dir='ltr'>retinens</span> <span class='ocrx_word' id='word_1_67' title='bbox 795 1222 857 1252; x_wconf 87' lang='lat' dir='ltr'>par</span> <span class='ocrx_word' id='word_1_68' title='bbox 882 1221 952 1244; x_wconf 90' lang='lat' dir='ltr'>cum</span> <span class='ocrx_word' id='word_1_69' title='bbox 975 1215 1071 1252; x_wconf 86' lang='lat' dir='ltr'>patre</span> <span class='ocrx_word' id='word_1_70' title='bbox 1094 1221 1221 1256; x_wconf 86' lang='lat' dir='ltr'>numen,</span> 
     </span>
     <span class='ocr_line' id='line_1_21' title="bbox 305 1256 1191 1303; baseline 0.005 -14"><span class='ocrx_word' id='word_1_71' title='bbox 305 1256 442 1298; x_wconf 81' lang='lat' dir='ltr'>Spiritus</span> <span class='ocrx_word' id='word_1_72' title='bbox 468 1267 486 1290; x_wconf 88' lang='lat' dir='ltr'>o</span> <span class='ocrx_word' id='word_1_73' title='bbox 511 1262 629 1303; x_wconf 85' lang='lat' dir='ltr'>sancte,</span> <span class='ocrx_word' id='word_1_74' title='bbox 657 1269 718 1299; x_wconf 90' lang='lat' dir='ltr'>quo</span> <span class='ocrx_word' id='word_1_75' title='bbox 745 1263 891 1293; x_wconf 76' lang='lat' dir='ltr'>constant</span> <span class='ocrx_word' id='word_1_76' title='bbox 916 1263 1029 1293; x_wconf 79' lang='lat' dir='ltr'>cuncta</span> <span class='ocrx_word' id='word_1_77' title='bbox 1053 1260 1191 1301; x_wconf 86' lang='lat' dir='ltr'>volante,</span> 
     </span>
     <span class='ocr_line' id='line_1_22' title="bbox 303 1305 1150 1349; baseline 0.005 -13"><span class='ocrx_word' id='word_1_78' title='bbox 303 1305 365 1337; x_wconf 87' lang='lat' dir='ltr'>His</span> <span class='ocrx_word' id='word_1_79' title='bbox 391 1314 513 1346; x_wconf 88' lang='lat' dir='ltr'>quoque</span> <span class='ocrx_word' id='word_1_80' title='bbox 537 1307 682 1345; x_wconf 83' lang='lat' dir='ltr'>personis</span> <span class='ocrx_word' id='word_1_81' title='bbox 706 1316 787 1339; x_wconf 88' lang='lat' dir='ltr'>unus</span> <span class='ocrx_word' id='word_1_82' title='bbox 812 1316 938 1348; x_wconf 83' lang='lat' dir='ltr'>semper</span> <span class='ocrx_word' id='word_1_83' title='bbox 962 1308 1150 1349; x_wconf 59' lang='lat' dir='ltr'>speculam,</span> 
     </span>
    </p>
   </div>
   <div class='ocr_carea' id='block_1_13' title="bbox 272 1352 1023 1396">
    <p class='ocr_par' dir='ltr' id='par_1_16' title="bbox 272 1352 1023 1396">
     <span class='ocr_line' id='line_1_23' title="bbox 272 1352 1023 1396; baseline 0.004 -11"><span class='ocrx_word' id='word_1_84' title='bbox 272 1377 279 1385; x_wconf 90' lang='lat'><strong>.</strong></span> <span class='ocrx_word' id='word_1_85' title='bbox 306 1352 428 1384; x_wconf 86' lang='lat' dir='ltr'>Ordine</span> <span class='ocrx_word' id='word_1_86' title='bbox 452 1354 505 1392; x_wconf 90' lang='lat' dir='ltr'>qui</span> <span class='ocrx_word' id='word_1_87' title='bbox 527 1353 608 1386; x_wconf 86' lang='lat' dir='ltr'>miro</span> <span class='ocrx_word' id='word_1_88' title='bbox 632 1353 705 1386; x_wconf 88' lang='lat' dir='ltr'>finis</span> <span class='ocrx_word' id='word_1_89' title='bbox 731 1359 856 1388; x_wconf 88' lang='lat' dir='ltr'>constas</span> <span class='ocrx_word' id='word_1_90' title='bbox 882 1357 914 1386; x_wconf 89' lang='lat' dir='ltr'>et</span> <span class='ocrx_word' id='word_1_91' title='bbox 935 1355 1023 1396; x_wconf 88' lang='lat' dir='ltr'>origo</span> 
     </span>
    </p>
   </div>
   <div class='ocr_carea' id='block_1_14' title="bbox 304 1399 1206 2402">
    <p class='ocr_par' dir='ltr' id='par_1_17' title="bbox 304 1399 1034 1444">
     <span class='ocr_line' id='line_1_24' title="bbox 304 1399 1034 1444; baseline 0.007 -14"><span class='ocrx_word' id='word_1_92' title='bbox 304 1399 406 1440; x_wconf 87' lang='lat' dir='ltr'>Leges</span> <span class='ocrx_word' id='word_1_93' title='bbox 431 1403 576 1432; x_wconf 78' lang='lat' dir='ltr'>aeternas</span> <span class='ocrx_word' id='word_1_94' title='bbox 602 1409 640 1433; x_wconf 83' lang='lat' dir='ltr'>ac</span> <span class='ocrx_word' id='word_1_95' title='bbox 664 1402 749 1434; x_wconf 89' lang='lat' dir='ltr'>solus</span> <span class='ocrx_word' id='word_1_96' title='bbox 772 1402 842 1434; x_wconf 90' lang='lat' dir='ltr'>iure</span> <span class='ocrx_word' id='word_1_97' title='bbox 866 1403 1034 1444; x_wconf 85' lang='lat' dir='ltr'>gubernas,</span> 
     </span>
    </p>

    <p class='ocr_par' dir='ltr' id='par_1_18' title="bbox 304 1447 1120 1538">
     <span class='ocr_line' id='line_1_25' title="bbox 306 1447 1120 1488; baseline 0.006 -11"><span class='ocrx_word' id='word_1_98' title='bbox 306 1447 366 1486; x_wconf 78' lang='lat' dir='ltr'>Qui</span> <span class='ocrx_word' id='word_1_99' title='bbox 390 1455 486 1488; x_wconf 89' lang='lat' dir='ltr'>genus</span> <span class='ocrx_word' id='word_1_100' title='bbox 510 1448 681 1481; x_wconf 85' lang='lat' dir='ltr'>humanum</span> <span class='ocrx_word' id='word_1_101' title='bbox 704 1450 872 1482; x_wconf 86' lang='lat' dir='ltr'>miseratus</span> <span class='ocrx_word' id='word_1_102' title='bbox 896 1450 1120 1483; x_wconf 84' lang='lat' dir='ltr'>mortificatum</span> 
     </span>
     <span class='ocr_line' id='line_1_26' title="bbox 304 1493 1041 1538; baseline 0.008 -13"><span class='ocrx_word' id='word_1_103' title='bbox 304 1494 421 1527; x_wconf 86' lang='lat' dir='ltr'>Vivere</span> <span class='ocrx_word' id='word_1_104' title='bbox 442 1493 547 1527; x_wconf 75' lang='lat' dir='ltr'>fecisti</span> <span class='ocrx_word' id='word_1_105' title='bbox 571 1497 710 1536; x_wconf 87' lang='lat' dir='ltr'>pretioso</span> <span class='ocrx_word' id='word_1_106' title='bbox 735 1498 888 1538; x_wconf 84' lang='lat' dir='ltr'>sanguine</span> <span class='ocrx_word' id='word_1_107' title='bbox 913 1498 1041 1538; x_wconf 80' lang='lat' dir='ltr'>Christ-i,</span> 
     </span>
    </p>

    <p class='ocr_par' dir='ltr' id='par_1_19' title="bbox 305 1541 1107 1587">
     <span class='ocr_line' id='line_1_27' title="bbox 305 1541 1107 1587; baseline 0.007 -14"><span class='ocrx_word' id='word_1_108' title='bbox 305 1541 401 1574; x_wconf 83' lang='lat' dir='ltr'>Cuius</span> <span class='ocrx_word' id='word_1_109' title='bbox 424 1542 544 1574; x_wconf 86' lang='lat' dir='ltr'>iudicio</span> <span class='ocrx_word' id='word_1_110' title='bbox 568 1546 748 1577; x_wconf 71' lang='lat' dir='ltr'>statuentur</span> <span class='ocrx_word' id='word_1_111' title='bbox 774 1547 887 1577; x_wconf 83' lang='lat' dir='ltr'>cuncta</span> <span class='ocrx_word' id='word_1_112' title='bbox 912 1546 970 1578; x_wconf 86' lang='lat' dir='ltr'>sub</span> <span class='ocrx_word' id='word_1_113' title='bbox 996 1555 1107 1587; x_wconf 78' lang='lat' dir='ltr'>aeque.</span> 
     </span>
    </p>

    <p class='ocr_par' dir='ltr' id='par_1_20' title="bbox 305 1588 1190 1827">
     <span class='ocr_line' id='line_1_28' title="bbox 305 1588 1122 1637; baseline 0.006 -17"><span class='ocrx_word' id='word_1_114' title='bbox 305 1588 356 1620; x_wconf 87' lang='lat' dir='ltr'>Da</span> <span class='ocrx_word' id='word_1_115' title='bbox 380 1590 499 1621; x_wconf 88' lang='lat' dir='ltr'>sentire</span> <span class='ocrx_word' id='word_1_116' title='bbox 522 1589 628 1633; x_wconf 89' lang='lat' dir='ltr'>fidem,</span> <span class='ocrx_word' id='word_1_117' title='bbox 655 1601 717 1631; x_wconf 84' lang='lat' dir='ltr'>qua</span> <span class='ocrx_word' id='word_1_118' title='bbox 741 1591 819 1625; x_wconf 84' lang='lat' dir='ltr'>felix</span> <span class='ocrx_word' id='word_1_119' title='bbox 843 1593 908 1625; x_wconf 85' lang='lat' dir='ltr'>fert</span> <span class='ocrx_word' id='word_1_120' title='bbox 932 1594 993 1626; x_wconf 89' lang='lat' dir='ltr'>sibi</span> <span class='ocrx_word' id='word_1_121' title='bbox 1017 1594 1122 1637; x_wconf 87' lang='lat' dir='ltr'>finem,</span> 
     </span>
     <span class='ocr_line' id='line_1_29' title="bbox 305 1635 1122 1674; baseline 0.007 -6"><span class='ocrx_word' id='word_1_122' title='bbox 305 1635 351 1668; x_wconf 89' lang='lat' dir='ltr'>Ut</span> <span class='ocrx_word' id='word_1_123' title='bbox 376 1637 505 1669; x_wconf 87' lang='lat' dir='ltr'>credam</span> <span class='ocrx_word' id='word_1_124' title='bbox 529 1641 616 1671; x_wconf 87' lang='lat' dir='ltr'>recte</span> <span class='ocrx_word' id='word_1_125' title='bbox 639 1648 699 1671; x_wconf 87' lang='lat' dir='ltr'>nec</span> <span class='ocrx_word' id='word_1_126' title='bbox 719 1641 784 1672; x_wconf 85' lang='lat' dir='ltr'>sint</span> <span class='ocrx_word' id='word_1_127' title='bbox 807 1641 890 1673; x_wconf 86' lang='lat' dir='ltr'>aliae</span> <span class='ocrx_word' id='word_1_128' title='bbox 913 1642 991 1674; x_wconf 89' lang='lat' dir='ltr'>mihi</span> <span class='ocrx_word' id='word_1_129' title='bbox 1015 1646 1122 1674; x_wconf 83' lang='lat' dir='ltr'>sectae</span> 
     </span>
     <span class='ocr_line' id='line_1_30' title="bbox 306 1683 1190 1731; baseline 0.009 -16"><span class='ocrx_word' id='word_1_130' title='bbox 306 1683 412 1724; x_wconf 86' lang='lat' dir='ltr'>Atque</span> <span class='ocrx_word' id='word_1_131' title='bbox 436 1685 533 1717; x_wconf 86' lang='lat' dir='ltr'>sciam</span> <span class='ocrx_word' id='word_1_132' title='bbox 556 1686 662 1729; x_wconf 80' lang='lat' dir='ltr'>plane,</span> <span class='ocrx_word' id='word_1_133' title='bbox 688 1688 772 1727; x_wconf 90' lang='lat' dir='ltr'>quod</span> <span class='ocrx_word' id='word_1_134' title='bbox 795 1688 912 1721; x_wconf 89' lang='lat' dir='ltr'>iustum</span> <span class='ocrx_word' id='word_1_135' title='bbox 937 1690 980 1721; x_wconf 80' lang='lat' dir='ltr'>sit</span> <span class='ocrx_word' id='word_1_136' title='bbox 1004 1691 1054 1722; x_wconf 89' lang='lat' dir='ltr'>vel</span> <span class='ocrx_word' id='word_1_137' title='bbox 1078 1690 1190 1731; x_wconf 82' lang='lat' dir='ltr'>inane3</span> 
     </span>
     <span class='ocr_line' id='line_1_31' title="bbox 308 1730 1130 1778; baseline 0.009 -16"><span class='ocrx_word' id='word_1_138' title='bbox 308 1730 403 1770; x_wconf 89' lang='lat' dir='ltr'>Spem</span> <span class='ocrx_word' id='word_1_139' title='bbox 429 1732 567 1764; x_wconf 84' lang='lat' dir='ltr'>concede</span> <span class='ocrx_word' id='word_1_140' title='bbox 590 1734 678 1774; x_wconf 87' lang='lat' dir='ltr'>mihi,</span> <span class='ocrx_word' id='word_1_141' title='bbox 705 1744 767 1775; x_wconf 86' lang='lat' dir='ltr'>qua</span> <span class='ocrx_word' id='word_1_142' title='bbox 789 1736 893 1776; x_wconf 85' lang='lat' dir='ltr'>possit</span> <span class='ocrx_word' id='word_1_143' title='bbox 917 1738 984 1770; x_wconf 81' lang='lat' dir='ltr'>vita</span> <span class='ocrx_word' id='word_1_144' title='bbox 1007 1738 1130 1778; x_wconf 82' lang='lat' dir='ltr'>videri3</span> 
     </span>
     <span class='ocr_line' id='line_1_32' title="bbox 306 1778 1061 1827; baseline 0.012 -18"><span class='ocrx_word' id='word_1_145' title='bbox 306 1778 415 1811; x_wconf 86' lang='lat' dir='ltr'>Virtus</span> <span class='ocrx_word' id='word_1_146' title='bbox 439 1780 472 1811; x_wconf 87' lang='lat' dir='ltr'>in</span> <span class='ocrx_word' id='word_1_147' title='bbox 498 1780 548 1812; x_wconf 85' lang='lat' dir='ltr'>his</span> <span class='ocrx_word' id='word_1_148' title='bbox 569 1782 674 1821; x_wconf 89' lang='lat' dir='ltr'>prima</span> <span class='ocrx_word' id='word_1_149' title='bbox 696 1784 797 1814; x_wconf 87' lang='lat' dir='ltr'>restat</span> <span class='ocrx_word' id='word_1_150' title='bbox 822 1783 950 1817; x_wconf 81' lang='lat' dir='ltr'>dilectio</span> <span class='ocrx_word' id='word_1_151' title='bbox 976 1784 1061 1827; x_wconf 87' lang='lat' dir='ltr'>bina,</span> 
     </span>
    </p>

    <p class='ocr_par' dir='ltr' id='par_1_21' title="bbox 307 1825 1198 1970">
     <span class='ocr_line' id='line_1_33' title="bbox 307 1825 1192 1874; baseline 0.012 -17"><span class='ocrx_word' id='word_1_152' title='bbox 307 1825 406 1864; x_wconf 79' lang='lat' dir='ltr'>Quam</span> <span class='ocrx_word' id='word_1_153' title='bbox 429 1827 515 1859; x_wconf 90' lang='lat' dir='ltr'>Deus</span> <span class='ocrx_word' id='word_1_154' title='bbox 537 1827 671 1861; x_wconf 81' lang='lat' dir='ltr'>infunde</span> <span class='ocrx_word' id='word_1_155' title='bbox 693 1831 751 1862; x_wconf 91' lang='lat' dir='ltr'>sub</span> <span class='ocrx_word' id='word_1_156' title='bbox 776 1832 901 1864; x_wconf 84' lang='lat' dir='ltr'>viscera</span> <span class='ocrx_word' id='word_1_157' title='bbox 926 1833 1030 1865; x_wconf 88' lang='lat' dir='ltr'>cordis</span> <span class='ocrx_word' id='word_1_158' title='bbox 1055 1834 1192 1874; x_wconf 84' lang='lat' dir='ltr'>abunde,</span> 
     </span>
     <span class='ocr_line' id='line_1_34' title="bbox 308 1874 1198 1923; baseline 0.011 -18"><span class='ocrx_word' id='word_1_159' title='bbox 308 1874 411 1906; x_wconf 79' lang='lat' dir='ltr'>Aures</span> <span class='ocrx_word' id='word_1_160' title='bbox 435 1875 576 1919; x_wconf 82' lang='lat' dir='ltr'>adverte,</span> <span class='ocrx_word' id='word_1_161' title='bbox 602 1886 690 1917; x_wconf 85' lang='lat' dir='ltr'>rogo,</span> <span class='ocrx_word' id='word_1_162' title='bbox 715 1878 780 1910; x_wconf 85' lang='lat' dir='ltr'>sint</span> <span class='ocrx_word' id='word_1_163' title='bbox 802 1879 882 1911; x_wconf 84' lang='grc'>1111111</span> <span class='ocrx_word' id='word_1_164' title='bbox 905 1889 1032 1922; x_wconf 82' lang='lat' dir='ltr'>semper</span> <span class='ocrx_word' id='word_1_165' title='bbox 1056 1886 1198 1923; x_wconf 82' lang='lat' dir='ltr'>apertae,</span> 
     </span>
     <span class='ocr_line' id='line_1_35' title="bbox 309 1920 992 1970; baseline 0.012 -18"><span class='ocrx_word' id='word_1_166' title='bbox 309 1920 359 1952; x_wconf 88' lang='lat' dir='ltr'>Ne</span> <span class='ocrx_word' id='word_1_167' title='bbox 383 1922 598 1955; x_wconf 82' lang='lat' dir='ltr'>reminiscaris</span> <span class='ocrx_word' id='word_1_168' title='bbox 624 1924 742 1957; x_wconf 85' lang='lat' dir='ltr'>delicta</span> <span class='ocrx_word' id='word_1_169' title='bbox 764 1927 826 1957; x_wconf 90' lang='lat' dir='ltr'>mei</span> <span class='ocrx_word' id='word_1_170' title='bbox 850 1928 992 1970; x_wconf 83' lang='lat' dir='ltr'>puerilis,</span> 
     </span>
    </p>

    <p class='ocr_par' dir='ltr' id='par_1_22' title="bbox 308 1967 1206 2110">
     <span class='ocr_line' id='line_1_36' title="bbox 309 1967 1165 2017; baseline 0.015 -18"><span class='ocrx_word' id='word_1_171' title='bbox 309 1967 373 2001; x_wconf 86' lang='lat' dir='ltr'>Sed</span> <span class='ocrx_word' id='word_1_172' title='bbox 395 1969 466 2009; x_wconf 87' lang='lat' dir='ltr'>pius</span> <span class='ocrx_word' id='word_1_173' title='bbox 490 1970 618 2010; x_wconf 85' lang='lat' dir='ltr'>ignosce</span> <span class='ocrx_word' id='word_1_174' title='bbox 642 1970 736 2004; x_wconf 82' lang='lat' dir='ltr'>factis</span> <span class='ocrx_word' id='word_1_175' title='bbox 761 1974 883 2006; x_wconf 84' lang='lat' dir='ltr'>veniam</span> <span class='ocrx_word' id='word_1_176' title='bbox 910 1984 1033 2016; x_wconf 84' lang='lat' dir='ltr'>quoque</span> <span class='ocrx_word' id='word_1_177' title='bbox 1056 1986 1165 2017; x_wconf 86' lang='lat' dir='ltr'>posce.</span> 
     </span>
     <span class='ocr_line' id='line_1_37' title="bbox 308 2015 1206 2068; baseline 0.016 -22"><span class='ocrx_word' id='word_1_178' title='bbox 308 2015 381 2048; x_wconf 85' lang='lat' dir='ltr'>Non</span> <span class='ocrx_word' id='word_1_179' title='bbox 404 2025 476 2048; x_wconf 88' lang='lat' dir='ltr'>mea</span> <span class='ocrx_word' id='word_1_180' title='bbox 498 2025 597 2059; x_wconf 87' lang='lat' dir='ltr'>mens,</span> <span class='ocrx_word' id='word_1_181' title='bbox 623 2027 749 2062; x_wconf 83' lang='lat' dir='ltr'>quaeso,</span> <span class='ocrx_word' id='word_1_182' title='bbox 774 2020 922 2054; x_wconf 86' lang='lat' dir='ltr'>laedatur</span> <span class='ocrx_word' id='word_1_183' title='bbox 945 2032 1034 2056; x_wconf 89' lang='lat' dir='ltr'>more</span> <span class='ocrx_word' id='word_1_184' title='bbox 1057 2027 1206 2068; x_wconf 85' lang='lat' dir='ltr'>superbo,</span> 
     </span>
     <span class='ocr_line' id='line_1_38' title="bbox 309 2063 984 2110; baseline 0.012 -15"><span class='ocrx_word' id='word_1_185' title='bbox 309 2063 473 2096; x_wconf 86' lang='lat' dir='ltr'>Adveniat</span> <span class='ocrx_word' id='word_1_186' title='bbox 496 2066 557 2097; x_wconf 86' lang='lat' dir='ltr'>rite</span> <span class='ocrx_word' id='word_1_187' title='bbox 583 2068 687 2098; x_wconf 88' lang='lat' dir='ltr'>custos</span> <span class='ocrx_word' id='word_1_188' title='bbox 712 2067 867 2107; x_wconf 84' lang='lat' dir='ltr'>patientia</span> <span class='ocrx_word' id='word_1_189' title='bbox 891 2070 984 2110; x_wconf 85' lang='lat' dir='ltr'>vitae,</span> 
     </span>
    </p>

    <p class='ocr_par' dir='ltr' id='par_1_23' title="bbox 308 2110 1156 2402">
     <span class='ocr_line' id='line_1_39' title="bbox 309 2110 1044 2161; baseline 0.014 -19"><span class='ocrx_word' id='word_1_190' title='bbox 309 2110 398 2143; x_wconf 80' lang='lat' dir='ltr'>Mors</span> <span class='ocrx_word' id='word_1_191' title='bbox 424 2114 457 2143; x_wconf 89' lang='lat' dir='ltr'>et</span> <span class='ocrx_word' id='word_1_192' title='bbox 478 2112 618 2152; x_wconf 84' lang='lat' dir='ltr'>perditio</span> <span class='ocrx_word' id='word_1_193' title='bbox 644 2114 797 2155; x_wconf 84' lang='lat' dir='ltr'>discedat,</span> <span class='ocrx_word' id='word_1_194' title='bbox 823 2126 907 2159; x_wconf 87' lang='lat' dir='ltr'>ecce,</span> <span class='ocrx_word' id='word_1_195' title='bbox 932 2118 1044 2161; x_wconf 87' lang='lat' dir='ltr'>libido,</span> 
     </span>
     <span class='ocr_line' id='line_1_40' title="bbox 310 2158 1143 2213; baseline 0.014 -23"><span class='ocrx_word' id='word_1_196' title='bbox 310 2158 480 2200; x_wconf 84' lang='lat' dir='ltr'>Nunquam</span> <span class='ocrx_word' id='word_1_197' title='bbox 505 2160 628 2193; x_wconf 90' lang='lat' dir='ltr'>deliciis</span> <span class='ocrx_word' id='word_1_198' title='bbox 655 2162 832 2196; x_wconf 85' lang='lat' dir='ltr'>confundar</span> <span class='ocrx_word' id='word_1_199' title='bbox 856 2165 988 2199; x_wconf 89' lang='lat' dir='ltr'>crimine</span> <span class='ocrx_word' id='word_1_200' title='bbox 1012 2169 1143 2213; x_wconf 85' lang='lat' dir='ltr'>ventris,</span> 
     </span>
     <span class='ocr_line' id='line_1_41' title="bbox 310 2206 1051 2250; baseline 0.015 -12"><span class='ocrx_word' id='word_1_201' title='bbox 310 2206 361 2239; x_wconf 84' lang='lat' dir='ltr'>Ne</span> <span class='ocrx_word' id='word_1_202' title='bbox 384 2207 508 2247; x_wconf 83' lang='lat' dir='ltr'>polluta</span> <span class='ocrx_word' id='word_1_203' title='bbox 531 2216 605 2241; x_wconf 81' lang='lat' dir='ltr'>caro</span> <span class='ocrx_word' id='word_1_204' title='bbox 629 2218 739 2242; x_wconf 82' lang='lat' dir='ltr'>somno</span> <span class='ocrx_word' id='word_1_205' title='bbox 761 2212 908 2245; x_wconf 80' lang='lat' dir='ltr'>turbetur</span> <span class='ocrx_word' id='word_1_206' title='bbox 932 2224 1051 2250; x_wconf 77' lang='lat' dir='ltr'>amaro,</span> 
     </span>
     <span class='ocr_line' id='line_1_42' title="bbox 310 2254 1140 2307; baseline 0.014 -21"><span class='ocrx_word' id='word_1_207' title='bbox 310 2254 458 2299; x_wconf 90' lang='lat' dir='ltr'>Obsecro,</span> <span class='ocrx_word' id='word_1_208' title='bbox 484 2265 536 2288; x_wconf 87' lang='lat' dir='ltr'>me</span> <span class='ocrx_word' id='word_1_209' title='bbox 560 2255 677 2297; x_wconf 65' lang='lat' dir='ltr'>frenae,</span> <span class='ocrx_word' id='word_1_210' title='bbox 704 2267 774 2290; x_wconf 88' lang='lat' dir='ltr'>cum</span> <span class='ocrx_word' id='word_1_211' title='bbox 798 2260 909 2293; x_wconf 86' lang='lat' dir='ltr'>videro</span> <span class='ocrx_word' id='word_1_212' title='bbox 933 2272 985 2295; x_wconf 87' lang='lat' dir='ltr'>res</span> <span class='ocrx_word' id='word_1_213' title='bbox 1010 2265 1140 2307; x_wconf 83' lang='lat' dir='ltr'>alienas,</span> 
     </span>
     <span class='ocr_line' id='line_1_43' title="bbox 311 2302 1156 2352; baseline 0.013 -18"><span class='ocrx_word' id='word_1_214' title='bbox 311 2302 382 2335; x_wconf 89' lang='lat' dir='ltr'>Sint</span> <span class='ocrx_word' id='word_1_215' title='bbox 404 2304 517 2344; x_wconf 82' lang='lat' dir='ltr'>procui</span> <span class='ocrx_word' id='word_1_216' title='bbox 540 2303 672 2345; x_wconf 84' lang='lat' dir='ltr'>invidia,</span> <span class='ocrx_word' id='word_1_217' title='bbox 695 2305 859 2350; x_wconf 82' lang='lat' dir='ltr'>iactantia,</span> <span class='ocrx_word' id='word_1_218' title='bbox 883 2309 934 2351; x_wconf 87' lang='lat' dir='ltr'>lis,</span> <span class='ocrx_word' id='word_1_219' title='bbox 960 2311 1019 2343; x_wconf 89' lang='lat' dir='ltr'>sed</span> <span class='ocrx_word' id='word_1_220' title='bbox 1041 2315 1074 2343; x_wconf 88' lang='lat' dir='ltr'>et</span> <span class='ocrx_word' id='word_1_221' title='bbox 1096 2313 1156 2352; x_wconf 73' lang='lat' dir='ltr'>ira,</span> 
     </span>
     <span class='ocr_line' id='line_1_44' title="bbox 308 2350 1070 2402; baseline 0.014 -20"><span class='ocrx_word' id='word_1_222' title='bbox 308 2350 378 2383; x_wconf 86' lang='lat' dir='ltr'>Nec</span> <span class='ocrx_word' id='word_1_223' title='bbox 400 2350 495 2384; x_wconf 84' lang='lat' dir='ltr'>rebus</span> <span class='ocrx_word' id='word_1_224' title='bbox 519 2352 610 2387; x_wconf 83' lang='lat' dir='ltr'>vanis</span> <span class='ocrx_word' id='word_1_225' title='bbox 633 2360 685 2385; x_wconf 87' lang='lat' dir='ltr'>me</span> <span class='ocrx_word' id='word_1_226' title='bbox 708 2353 777 2387; x_wconf 83' lang='lat' dir='ltr'>laus</span> <span class='ocrx_word' id='word_1_227' title='bbox 801 2357 933 2390; x_wconf 83' lang='lat' dir='ltr'>seducat</span> <span class='ocrx_word' id='word_1_228' title='bbox 955 2359 1070 2402; x_wconf 82' lang='lat' dir='ltr'>inanis,</span> 
     </span>
    </p>
   </div>
   <div class='ocr_carea' id='block_1_15' title="bbox 119 560 1431 902">
    <p class='ocr_par' dir='ltr' id='par_1_24' title="bbox 119 560 1431 902">
     <span class='ocr_line' id='line_1_45' title="bbox 768 560 1430 599; baseline -0.003 -9"><span class='ocrx_word' id='word_1_229' title='bbox 768 562 933 599; x_wconf 78' lang='lat' dir='ltr'>„Scriptum</span> <span class='ocrx_word' id='word_1_230' title='bbox 957 570 1009 598; x_wconf 85' lang='lat' dir='ltr'>per</span> <span class='ocrx_word' id='word_1_231' title='bbox 1034 569 1138 589; x_wconf 85' lang='lat' dir='ltr'>manus</span> <span class='ocrx_word' id='word_1_232' title='bbox 1159 560 1283 589; x_wconf 69' lang='lat' dir='ltr'>Hem-ici</span> <span class='ocrx_word' id='word_1_233' title='bbox 1302 560 1430 596; x_wconf 85' lang='lat' dir='ltr'>Thoren,</span> 
     </span>
     <span class='ocr_line' id='line_1_46' title="bbox 124 598 1431 637; baseline -0.004 -6"><span class='ocrx_word' id='word_1_234' title='bbox 124 604 198 631; x_wconf 80' lang='lat' dir='ltr'>alias</span> <span class='ocrx_word' id='word_1_235' title='bbox 218 602 397 637; x_wconf 74' lang='lat' dir='ltr'>Nessellren,</span> <span class='ocrx_word' id='word_1_236' title='bbox 427 609 503 628; x_wconf 83' lang='lat' dir='ltr'>anno</span> <span class='ocrx_word' id='word_1_237' title='bbox 523 601 644 628; x_wconf 85' lang='lat' dir='ltr'>Domini</span> <span class='ocrx_word' id='word_1_238' title='bbox 674 598 747 629; x_wconf 85' lang='lat'>1458</span> <span class='ocrx_word' id='word_1_239' title='bbox 770 602 803 628; x_wconf 89' lang='lat' dir='ltr'>in</span> <span class='ocrx_word' id='word_1_240' title='bbox 823 602 935 629; x_wconf 78' lang='lat' dir='ltr'>octavis</span> <span class='ocrx_word' id='word_1_241' title='bbox 956 600 1109 628; x_wconf 86' lang='lat' dir='ltr'>beatorum</span> <span class='ocrx_word' id='word_1_242' title='bbox 1128 599 1329 636; x_wconf 77' lang='lat' dir='ltr'>apostolorum</span> <span class='ocrx_word' id='word_1_243' title='bbox 1348 599 1431 627; x_wconf 87' lang='lat' dir='ltr'>Petri</span> 
     </span>
     <span class='ocr_line' id='line_1_47' title="bbox 122 637 1429 675; baseline -0.002 -7"><span class='ocrx_word' id='word_1_244' title='bbox 122 644 152 668; x_wconf 86' lang='lat' dir='ltr'>et</span> <span class='ocrx_word' id='word_1_245' title='bbox 170 638 282 669; x_wconf 60' lang='lat' dir='ltr'>PauHfl</span> <span class='ocrx_word' id='word_1_246' title='bbox 297 655 334 659; x_wconf 92' lang='lat'>—</span> <span class='ocrx_word' id='word_1_247' title='bbox 347 638 431 667; x_wconf 84' lang='lat' dir='ltr'>Nach</span> <span class='ocrx_word' id='word_1_248' title='bbox 450 639 516 666; x_wconf 86' lang='lat' dir='ltr'>dem</span> <span class='ocrx_word' id='word_1_249' title='bbox 534 639 626 667; x_wconf 85' lang='lat' dir='ltr'>Liede</span> <span class='ocrx_word' id='word_1_250' title='bbox 645 639 719 675; x_wconf 82' lang='lat' dir='ltr'>folgt</span> <span class='ocrx_word' id='word_1_251' title='bbox 731 638 870 666; x_wconf 74' lang='lat' dir='ltr'>Versikel</span> <span class='ocrx_word' id='word_1_252' title='bbox 887 639 950 666; x_wconf 85' lang='lat' dir='ltr'>und</span> <span class='ocrx_word' id='word_1_253' title='bbox 963 637 1102 666; x_wconf 84' lang='lat' dir='ltr'>Oration:</span> <span class='ocrx_word' id='word_1_254' title='bbox 1126 638 1161 666; x_wconf 87' lang='lat' dir='ltr'>V.</span> <span class='ocrx_word' id='word_1_255' title='bbox 1184 637 1291 665; x_wconf 83' lang='lat' dir='ltr'>Omnia</span> <span class='ocrx_word' id='word_1_256' title='bbox 1309 638 1343 664; x_wconf 83' lang='lat' dir='ltr'>in</span> <span class='ocrx_word' id='word_1_257' title='bbox 1362 646 1429 665; x_wconf 83' lang='lat' dir='ltr'>san-</span> 
     </span>
     <span class='ocr_line' id='line_1_48' title="bbox 122 675 1427 714; baseline -0.002 -8"><span class='ocrx_word' id='word_1_258' title='bbox 122 681 209 714; x_wconf 83' lang='lat' dir='ltr'>guine</span> <span class='ocrx_word' id='word_1_259' title='bbox 227 678 296 706; x_wconf 85' lang='lat' dir='ltr'>Iesu</span> <span class='ocrx_word' id='word_1_260' title='bbox 316 677 424 705; x_wconf 84' lang='lat' dir='ltr'>Christi</span> <span class='ocrx_word' id='word_1_261' title='bbox 451 680 612 714; x_wconf 81' lang='lat' dir='ltr'>purgantur</span> <span class='ocrx_word' id='word_1_262' title='bbox 631 677 667 704; x_wconf 85' lang='lat' dir='ltr'>R.</span> <span class='ocrx_word' id='word_1_263' title='bbox 686 677 728 704; x_wconf 86' lang='lat' dir='ltr'>Et</span> <span class='ocrx_word' id='word_1_264' title='bbox 753 678 818 704; x_wconf 88' lang='lat' dir='ltr'>sine</span> <span class='ocrx_word' id='word_1_265' title='bbox 843 678 987 713; x_wconf 79' lang='lat' dir='ltr'>sanguine</span> <span class='ocrx_word' id='word_1_266' title='bbox 1013 678 1076 704; x_wconf 88' lang='lat' dir='ltr'>eius</span> <span class='ocrx_word' id='word_1_267' title='bbox 1096 684 1156 703; x_wconf 88' lang='lat' dir='ltr'>non</span> <span class='ocrx_word' id='word_1_268' title='bbox 1175 675 1210 704; x_wconf 87' lang='lat' dir='ltr'>fit</span> <span class='ocrx_word' id='word_1_269' title='bbox 1228 676 1372 704; x_wconf 80' lang='lat' dir='ltr'>remissio.</span> <span class='ocrx_word' id='word_1_270' title='bbox 1393 692 1427 696; x_wconf 88' lang='lat'>—</span> 
     </span>
     <span class='ocr_line' id='line_1_49' title="bbox 120 713 1430 752; baseline -0.002 -8"><span class='ocrx_word' id='word_1_271' title='bbox 120 717 215 751; x_wconf 86' lang='lat' dir='ltr'>Deus,</span> <span class='ocrx_word' id='word_1_272' title='bbox 242 715 293 752; x_wconf 83' lang='lat' dir='ltr'>qui</span> <span class='ocrx_word' id='word_1_273' title='bbox 319 718 548 751; x_wconf 83' lang='lat' dir='ltr'>praesentem</span> <span class='ocrx_word' id='word_1_274' title='bbox 574 714 773 743; x_wconf 76' lang='lat' dir='ltr'>ecelesiam</span> <span class='ocrx_word' id='word_1_275' title='bbox 793 715 915 751; x_wconf 85' lang='lat' dir='ltr'>pretiosi</span> <span class='ocrx_word' id='word_1_276' title='bbox 935 715 1088 751; x_wconf 83' lang='lat' dir='ltr'>sanguinis</span> <span class='ocrx_word' id='word_1_277' title='bbox 1107 715 1153 741; x_wconf 84' lang='lat' dir='ltr'>tui</span> <span class='ocrx_word' id='word_1_278' title='bbox 1173 713 1311 742; x_wconf 84' lang='lat' dir='ltr'>thesauro</span> <span class='ocrx_word' id='word_1_279' title='bbox 1334 714 1430 742; x_wconf 86' lang='lat' dir='ltr'>ditare</span> 
     </span>
     <span class='ocr_line' id='line_1_50' title="bbox 120 753 1431 790; baseline 0 -10"><span class='ocrx_word' id='word_1_280' title='bbox 120 754 251 789; x_wconf 77' lang='lat' dir='ltr'>voluisti,</span> <span class='ocrx_word' id='word_1_281' title='bbox 271 756 397 790; x_wconf 72' lang='lat' dir='ltr'>praesta,</span> <span class='ocrx_word' id='word_1_282' title='bbox 418 761 602 789; x_wconf 84' lang='lat' dir='ltr'>quaesumus,</span> <span class='ocrx_word' id='word_1_283' title='bbox 622 755 657 779; x_wconf 87' lang='lat' dir='ltr'>ut</span> <span class='ocrx_word' id='word_1_284' title='bbox 676 755 728 789; x_wconf 83' lang='lat' dir='ltr'>qui</span> <span class='ocrx_word' id='word_1_285' title='bbox 744 753 783 780; x_wconf 82' lang='lat' dir='ltr'>ad</span> <span class='ocrx_word' id='word_1_286' title='bbox 796 753 977 781; x_wconf 84' lang='lat' dir='ltr'>adorandum</span> <span class='ocrx_word' id='word_1_287' title='bbox 990 753 1146 788; x_wconf 85' lang='lat' dir='ltr'>mysticum</span> <span class='ocrx_word' id='word_1_288' title='bbox 1158 755 1242 780; x_wconf 82' lang='lat' dir='ltr'>‘cuum</span> <span class='ocrx_word' id='word_1_289' title='bbox 1254 754 1431 789; x_wconf 78' lang='lat' dir='ltr'>sanguinem</span> 
     </span>
     <span class='ocr_line' id='line_1_51' title="bbox 119 791 1430 828; baseline -0.001 -9"><span class='ocrx_word' id='word_1_290' title='bbox 119 793 161 819; x_wconf 88' lang='lat' dir='ltr'>in</span> <span class='ocrx_word' id='word_1_291' title='bbox 180 791 259 819; x_wconf 86' lang='lat' dir='ltr'>loco</span> <span class='ocrx_word' id='word_1_292' title='bbox 280 793 355 819; x_wconf 84' lang='lat' dir='ltr'>isto</span> <span class='ocrx_word' id='word_1_293' title='bbox 371 794 576 825; x_wconf 84' lang='lat' dir='ltr'>convenerunt,</span> <span class='ocrx_word' id='word_1_294' title='bbox 598 792 727 819; x_wconf 88' lang='lat' dir='ltr'>omnium</span> <span class='ocrx_word' id='word_1_295' title='bbox 741 799 859 819; x_wconf 87' lang='lat' dir='ltr'>suorum</span> <span class='ocrx_word' id='word_1_296' title='bbox 873 792 1059 827; x_wconf 86' lang='lat' dir='ltr'>peccatorum</span> <span class='ocrx_word' id='word_1_297' title='bbox 1074 791 1278 819; x_wconf 85' lang='lat' dir='ltr'>remissionem</span> <span class='ocrx_word' id='word_1_298' title='bbox 1292 791 1430 828; x_wconf 86' lang='lat' dir='ltr'>plenissi-</span> 
     </span>
     <span class='ocr_line' id='line_1_52' title="bbox 120 826 1429 866; baseline -0.002 -9"><span class='ocrx_word' id='word_1_299' title='bbox 120 838 199 857; x_wconf 88' lang='lat' dir='ltr'>mam</span> <span class='ocrx_word' id='word_1_300' title='bbox 215 833 438 866; x_wconf 75' lang='lat' dir='ltr'>consequantur.</span> <span class='ocrx_word' id='word_1_301' title='bbox 473 830 530 864; x_wconf 78' lang='lat' dir='ltr'>Qui</span> <span class='ocrx_word' id='word_1_302' title='bbox 550 838 616 857; x_wconf 83' lang='lat' dir='ltr'>cum</span> <span class='ocrx_word' id='word_1_303' title='bbox 635 830 698 857; x_wconf 84' lang='lat' dir='ltr'>Deo</span> <span class='ocrx_word' id='word_1_304' title='bbox 719 831 802 866; x_wconf 82' lang='lat' dir='ltr'>patre</span> <span class='ocrx_word' id='word_1_305' title='bbox 823 832 877 857; x_wconf 84' lang='lat' dir='ltr'>etc.</span> <span class='ocrx_word' id='word_1_306' title='bbox 910 829 995 857; x_wconf 83' lang='lat' dir='ltr'>Nach</span> <span class='ocrx_word' id='word_1_307' title='bbox 1015 829 1112 857; x_wconf 83' lang='lat' dir='ltr'>dieser</span> <span class='ocrx_word' id='word_1_308' title='bbox 1127 828 1251 857; x_wconf 83' lang='lat' dir='ltr'>Oration</span> <span class='ocrx_word' id='word_1_309' title='bbox 1270 829 1331 857; x_wconf 81' lang='lat' dir='ltr'>und</span> <span class='ocrx_word' id='word_1_310' title='bbox 1353 827 1397 863; x_wconf 87' lang='grc'>16,</span> <span class='ocrx_word' id='word_1_311' title='bbox 1414 826 1429 855; x_wconf 94' lang='grc'>1</span> 
     </span>
     <span class='ocr_line' id='line_1_53' title="bbox 120 864 1429 902; baseline -0.002 -6"><span class='ocrx_word' id='word_1_312' title='bbox 120 868 217 896; x_wconf 60' lang='lat' dir='ltr'>dux-stc</span> <span class='ocrx_word' id='word_1_313' title='bbox 239 868 292 896; x_wconf 83' lang='lat' dir='ltr'>das</span> <span class='ocrx_word' id='word_1_314' title='bbox 312 868 388 896; x_wconf 83' lang='lat' dir='ltr'>Lied</span> <span class='ocrx_word' id='word_1_315' title='bbox 406 868 484 895; x_wconf 74' lang='lat' dir='ltr'>wohl</span> <span class='ocrx_word' id='word_1_316' title='bbox 505 876 557 896; x_wconf 83' lang='lat' dir='ltr'>aus</span> <span class='ocrx_word' id='word_1_317' title='bbox 575 867 734 896; x_wconf 76' lang='lat' dir='ltr'>Wilsnack</span> <span class='ocrx_word' id='word_1_318' title='bbox 753 870 904 895; x_wconf 84' lang='lat' dir='ltr'>stammen.</span> <span class='ocrx_word' id='word_1_319' title='bbox 927 884 962 889; x_wconf 86' lang='lat'>—-</span> <span class='ocrx_word' id='word_1_320' title='bbox 985 865 1030 902; x_wconf 81' lang='lat'>10,</span> <span class='ocrx_word' id='word_1_321' title='bbox 1050 866 1068 896; x_wconf 82' lang='grc'>6</span> <span class='ocrx_word' id='word_1_322' title='bbox 1088 868 1155 894; x_wconf 80' lang='lat' dir='ltr'>Tua</span> <span class='ocrx_word' id='word_1_323' title='bbox 1173 876 1265 895; x_wconf 85' lang='lat' dir='ltr'>mens.</span> <span class='ocrx_word' id='word_1_324' title='bbox 1284 883 1323 888; x_wconf 75' lang='lat'>-—</span> <span class='ocrx_word' id='word_1_325' title='bbox 1345 865 1390 902; x_wconf 83' lang='lat'>11,</span> <span class='ocrx_word' id='word_1_326' title='bbox 1410 864 1429 893; x_wconf 82' lang='lat'>2</span> 
     </span>
    </p>
   </div>
  </div>
 </body>
</html>
