1653 2608
655 93 905 130 —189-

149 187 206 222 14.
232 189 297 223 Per
319 188 401 221 haec
425 192 481 222 tua
505 191 622 230 gaudia

279 236 406 269 Memor
431 241 498 271 esto
523 239 596 281 mei,

233 284 330 325 Virgo
355 285 453 325 plena
477 287 590 327 gratia,

281 332 464 365 Peccatoris
488 334 545 378 rei,

913 192 953 225 In
978 192 1105 226 Christo
1130 192 1284 232 primitia,

962 240 1059 273 Alma
1080 242 1182 271 mater
1206 239 1278 279 Dei,

915 288 977 320 Pro
1002 291 1057 320 tua
1079 288 1247 319 clementia

964 337 1019 369 Me
1043 337 1213 376 praesenta
1241 335 1280 367 ei.

468 392 514 424 R0
540 392 603 424 Per
627 392 688 424 hoc
714 393 807 425 dulce
830 393 988 434 gaudium,

585 440 682 480 Virgo
707 443 810 472 mater
833 440 905 481 Dei,

537 487 635 527 Apud
660 490 748 519 tuum
774 486 872 520 fillum

582 534 708 568 Memor
733 539 800 567 esto
825 536 898 568 mei.

213 599 303 628 Scala
322 600 397 628 caeli
420 609 494 628 saec.
519 598 562 627 14.
584 609 627 628 ex.
669 601 731 629 Cod
749 602 874 637 Pragen.
896 602 978 630 XIII.
999 602 1034 630 E.
1055 599 1081 629 3.

555 721 617 754 185.
647 722 691 754 De
710 722 766 754 XV
786 721 915 754 Gaudiis
936 723 1024 755 BMV.

651 803 676 835 Ι.
712 803 935 844 Prologus,

149 879 180 915 1.
209 879 332 917 Gaude,
359 879 471 911 mundi
495 879 655 920 gaudium,
836 882 866 913 5.
892 881 1053 921 Quidquid
1076 880 1152 912 boni
1177 879 1284 920 fuerit,

253 926 361 958 Mater
386 927 526 967 pietatis,

209 975 289 1015 Spes
314 978 390 1015 post
413 977 501 1006 tuum
526 973 624 1006 filium

257 1021 386 1054 Summa
412 1021 576 1062 desolatis,

209 1069 339 1103 Miseris
365 1069 534 1109 refugium,

256 1117 372 1149 Portus
395 1116 605 1158 naufragatis,

206 1165 326 1198 Salutis
353 1165 489 1204 initium,

256 1212 333 1244 Flos
360 1212 562 1253 virginitatis.

147 1274 182 1305 2.
209 1270 375 1304 Castitatis
395 1270 510 1311 lilium,

257 1319 344 1351 Rosa
368 1318 555 1359 venustatis,

208 1366 393 1400 Pneumatis
418 1365 604 1405 sacrarium,

255 1413 423 1453 Templum
450 1413 614 1453 trinitatis,

206 1462 299 1495 Salus
326 1464 359 1493 et
382 1461 535 1494 solacium

254 1509 341 1553 Reis,
370 1509 548 1550 desperatis

208 1559 278 1591 Iter
302 1557 345 1590 ad
370 1558 526 1598 palatium

258 1605 407 1638 Summae
432 1605 599 1638 claritatis.

149 1665 180 1697 3.
208 1663 306 1704 Virgo
332 1663 437 1695 virum
461 1663 619 1706 nesciens,

255 1711 361 1743 Decus
388 1710 555 1749 castitatis,

205 1760 306 1793 Rivus
331 1758 518 1791 indeficiens

250 1807 399 1840 Summae
424 1807 589 1845 honitatis,

208 1856 335 1896 Expers
360 1856 449 1897 paris
474 1855 604 1896 pariens

259 1903 386 1936 Certam
411 1912 500 1944 spem
526 1903 657 1945 renatis,

209 1952 350 1992 Singulis
375 1952 581 1993 compatienS,

256 2001 394 2033 Cunctos
420 2000 510 2034 faves
536 2001 648 2040 gratis.

148 2061 181 2094 4.
208 2058 330 2092 Summi
355 2067 454 2092 causa
476 2058 618 2091 nosceris

252 2106 345 2148 Boni,
373 2116 446 2147 spes
472 2115 609 2147 reorum,

209 2156 304 2189 Salus
328 2155 431 2187 nostri
456 2155 591 2198 genem,

256 2203 332 2237 Vita
357 2204 569 2244 perditorum,

203 2251 432 2293 Expugnatrix
456 2251 599 2291 sceleris,

251 2299 472 2333 Reformatrix
496 2309 628 2342 morum,

204 2349 408 2383 Abstrahens
435 2349 475 2381 ab
501 2346 615 2381 inferis

252 2397 365 2439 Regna
391 2398 449 2431 das
475 2397 646 2431 caelorum.

940 930 1002 961 Per
1026 932 1058 960 te
1085 930 1208 959 constat
1233 936 1311 969 esse,

893 976 973 1007 Mali
999 975 1080 1008 nihil
1106 975 1218 1013 oberit,

941 1023 1060 1062 Quibus
1085 1022 1133 1054 vis
1158 1022 1322 1063 prodesse,

893 1070 970 1102 Tuis
995 1073 1080 1102 tuum
1107 1070 1213 1101 aderit

940 1119 1090 1151 Iuvamen
1117 1126 1276 1158 expresse,

892 1165 1043 1206 Quotiens
1068 1164 1210 1197 adfuerit

940 1214 1026 1255 Opus
1054 1216 1085 1245 et
1109 1221 1248 1245 necesse.

857 1273 889 1304 6.
915 1271 1079 1311 Quidquid
1104 1270 1205 1302 hostis
1229 1269 1381 1311 suggerit,

963 1320 1042 1352 Mox
1066 1327 1125 1358 per
1150 1322 1182 1349 te
1206 1317 1391 1356 frustratur,

915 1366 1076 1407 Quidquid
1101 1366 1178 1397 mali
1202 1366 1329 1406 ingerit,

965 1416 1028 1447 Per
1052 1417 1085 1446 te
1108 1416 1288 1453 reparatur,

916 1462 979 1494 Per
1002 1464 1044 1502 te,
1072 1470 1143 1493 cum
1170 1461 1332 1502 ceciderit,

962 1510 1048 1542 Reus
1073 1510 1244 1548 relevatur,

915 1558 1034 1590 Mortis
1059 1559 1171 1590 auctor
1195 1557 1329 1598 deperit,

965 1606 1040 1638 Vita
1064 1608 1274 1639 restauratur.

886 1688 893 1695 .
920 1663 1010 1696 Nulli
1036 1664 1142 1696 lumen
1166 1663 1276 1695 radius

963 1712 1109 1753 Denegat
1133 1711 1258 1751 solaris,

918 1759 967 1792 Tu
993 1762 1105 1792 vocata
1130 1759 1257 1799 saepius

967 1808 1099 1840 Nullum
1123 1806 1318 1847 aspernaris,

919 1857 1019 1889 Immo
1046 1856 1168 1888 cunctis
1192 1855 1300 1886 mitius

969 1905 1084 1937 Omnes
1110 1903 1314 1944 amplexariS,

921 1952 1038 1993 Nilque
1062 1955 1158 1992 negat
1182 1951 1276 1990 filius,

968 2001 1059 2040 Quod
1083 2001 1137 2040 pie
1161 2000 1315 2041 precaris.

887 2085 894 2092 .
921 2059 1074 2092 Omnibus
1097 2067 1130 2089 es
1156 2058 1269 2099 omnia,

968 2106 1106 2147 Singulis
1132 2106 1284 2145 solamen,

919 2155 1053 2188 Maestis
1079 2163 1112 2186 es
1136 2153 1271 2195 laetitia,

967 2203 1098 2236 Miseris
1122 2202 1280 2242 iuvamen,

917 2250 1129 2285 Peccantibus
1159 2249 1261 2291 venia,

964 2300 1080 2341 Aegris
1106 2297 1314 2338 medicamen,

919 2348 1065 2389 Captivis
1090 2344 1218 2385 fiducia,

967 2394 1138 2436 oppressis
1163 2393 1319 2427 levamen.
