1651 2606
741 104 977 140 *51-

521 202 551 234 9.
577 202 662 243 Iesu,
688 203 786 236 ludex
810 203 1053 245 irrefragabilis,

576 251 665 283 Deus
691 249 793 294 fortis,
819 251 906 284 Deus
932 251 1094 289 terribilis,

582 298 660 332 Cum
685 299 810 331 veneris
834 299 868 331 in
894 300 974 332 caeli
999 298 1173 338 nubeculis,

581 346 815 380 Contremisoet
837 349 915 380 tuno
938 348 1041 388 homo,
1067 345 1192 387 fragilis

628 393 792 426 Greatura.

498 450 552 482 10.
580 450 729 482 Salvator
752 459 851 490 meus,
877 452 991 491 plenus
1017 451 1130 492 gratia,

581 497 715 530 Patefao
739 498 817 529 mihi
840 500 897 530 tua
920 499 1063 541 vulnera,

581 543 627 578 Ut
649 553 734 577 nuno
756 547 852 585 atque
874 545 909 578 in
933 546 1045 578 mortis
1071 545 1183 578 horula

580 592 760 624 Delitesoat
784 601 873 624 mens
897 601 969 625 mea
992 593 1108 625 misera

629 639 704 672 Sine
730 649 816 673 cura.

278 703 350 733 clm.
365 704 519 732 Monacen.
540 704 588 739 (ol.
608 705 757 742 Tegurin.)
779 702 887 734 19636.
908 714 984 735 saec.
1008 704 1050 734 15.
1073 722 1109 728 ‘—
1131 705 1175 741 10,
1197 705 1214 735 3
1234 716 1313 735 nuuc
1336 710 1365 735 et
1383 709 1422 735 in.

639 798 686 830 52.
720 798 764 830 De
785 797 933 830 Passione
951 798 1083 831 Domini.

215 867 245 901 1.
274 868 299 901 Ο
325 877 433 908 pugna
458 868 626 909 mirabilis,
901 871 934 903 4.
961 870 1016 903 Sol
1039 871 1074 903 in
1098 871 1183 903 nube
1207 871 1336 911 tegitur,

324 925 342 947 o
367 919 535 956 tropaeum
562 917 701 958 dignum,
1011 918 1078 949 dies
1104 918 1302 957 obscuratur,

276 964 387 1004 Agnus
412 964 525 1005 lupum
548 964 690 1004 perimit,
962 964 1121 1004 Trepidat
1144 965 1309 1004 securitas,

320 1011 474 1044 innocens
498 1012 683 1052 malignum,
1009 1012 1111 1044 virtus
1135 1011 1326 1051 infirmatur,

276 1059 338 1099 Qui
361 1068 422 1099 per
445 1059 569 1099 lignum
593 1058 719 1092 vicerat
960 1058 1142 1100 Disciplina
1172 1060 1326 1103 caeditur,

319 1107 423 1139 victus
448 1109 497 1139 est
520 1115 581 1148 per
603 1106 734 1147 lignum,
1008 1108 1093 1139 salus
1119 1108 1317 1147 vulneratur,

272 1155 363 1195 Quod
392 1157 442 1187 est
466 1157 574 1187 terror
596 1155 744 1194 hostium,
964 1155 1038 1187 Vita
1065 1154 1270 1196 crucifigitur,

320 1202 408 1243 quod
435 1205 484 1234 est
505 1203 592 1235 vitae
616 1202 751 1242 signum.
1009 1203 1089 1235 ordo
1115 1203 1333 1235 conturbatur.

216 1260 247 1292 2.
274 1259 461 1292 Infirmatur
485 1259 639 1299 medicus,
904 1262 935 1292 5.
962 1259 1012 1292 De
1037 1259 1188 1292 fraternis
1213 1260 1359 1293 manibus

322 1310 359 1339 ut
383 1310 473 1340 sanet
496 1310 671 1348 aegrotum,
1009 1307 1094 1340 Abel
1120 1311 1169 1340 est
1193 1308 1327 1350 occisus,

278 1354 348 1387 Nec
371 1364 431 1396 per
456 1356 593 1395 quinque
618 1354 760 1395 porticus
963 1355 1057 1395 Quod
1082 1355 1208 1387 oblatus
1233 1364 1314 1396 puer
1339 1360 1399 1398 est,

322 1412 383 1435 nec
406 1412 466 1443 per
491 1411 592 1443 aquae
616 1406 748 1444 motum,
1011 1403 1098 1435 cuius
1124 1412 1238 1436 nomen
1264 1404 1357 1444 risuS‚

276 1450 341 1483 Sed
366 1452 401 1483 in
425 1459 501 1484 vase
525 1450 617 1490 figuli
960 1450 1126 1483 Demissus
1150 1451 1184 1483 in
1208 1453 1340 1491 puteum

324 1501 357 1531 et
380 1498 414 1531 in
438 1501 533 1540 parte
557 1500 659 1530 totum
1010 1497 1165 1530 fratribus
1189 1498 1321 1540 invisus,

275 1547 427 1580 Proximo
453 1546 571 1587 parieti
963 1545 1054 1585 Quod
1079 1546 1255 1578 ascendens
1280 1546 1314 1578 in
1338 1545 1453 1578 Bethel

327 1594 459 1635 copulat
481 1596 651 1627 remotum.
1013 1594 1123 1626 calvus
1149 1596 1198 1626 est.
1221 1594 1356 1634 irrisus·‚

214 1654 245 1686 3.
272 1652 395 1693 Incipit
418 1652 453 1684 in
478 1651 605 1683 saeculo
903 1652 934 1684 6.
963 1651 1053 1690 Quod
1078 1651 1111 1683 in
1136 1660 1217 1692 agno
1239 1650 1374 1691 mystico

321 1699 427 1733 factor
452 1699 663 1741 saeculorum,
1009 1707 1095 1731 mors
1122 1702 1171 1731 est
1193 1696 1383 1742 Pharaonis,

272 1748 366 1781 Vitae
391 1748 484 1788 panis
511 1747 623 1788 esurit,
962 1746 1052 1786 Quod
1078 1746 1180 1779 saliva
1205 1744 1317 1779 defluit

320 1796 390 1829 sitit
415 1795 487 1828 fons
512 1795 688 1835 hortorum,
1008 1795 1093 1835 patri
1120 1795 1308 1834 Salomonis,

271 1845 386 1877 Noctis
411 1853 524 1877 somno
551 1842 713 1876 clauditur
962 1842 1055 1881 Quod
1077 1842 1214 1875 intravit
1234 1842 1352 1875 Daniel

320 1893 431 1925 oculus
459 1900 636 1931 caecorum,
1009 1892 1115 1923 lacum
1140 1890 1327 1931 Babylonis,

274 1941 385 1974 Plebis
411 1940 449 1973 fit
473 1940 611 1972 abiectio
962 1939 1079 1972 Totum
1105 1941 1154 1970 est
1176 1939 1365 1979 mysterium

317 1989 407 2022 Deus
432 1989 630 2029 angelorum.
1011 1985 1133 2020 Christi
1157 1986 1326 2028 passionis.

275 2056 398 2085 Collect.
418 2064 470 2083 ms.
492 2055 539 2083 Fr.
555 2054 585 2083 S.
601 2055 704 2083 Crucis
725 2054 757 2080 in
772 2051 896 2082 Colonia
908 2062 984 2081 saec.
999 2051 1042 2082 15.
1078 2053 1147 2082 Cod.
1163 2053 1367 2082 Vindobonen.
1381 2050 1465 2081 4350.
1479 2065 1517 2071 »-

194 2093 221 2130 2,
246 2092 264 2123 3
284 2096 440 2132 porticum.
461 2108 500 2113 -
520 2092 547 2127 6,
567 2091 588 2121 4
606 2095 699 2130 pater.
721 2106 758 2110 —
780 2089 806 2125 6,
829 2091 845 2121 6
865 2091 971 2120 locum.

434 2187 482 2219 53.
513 2185 620 2218 Oratio
637 2185 720 2218 bona
741 2186 774 2217 et
794 2185 908 2217 devota
930 2185 967 2217 de
986 2184 1131 2225 passione
1150 2184 1282 2216 Domini.

442 2259 524 2300 Rex,
551 2258 601 2289 oui
626 2266 784 2299 personae
808 2259 874 2306 tres
900 2259 984 2297 sunt,
1010 2253 1139 2300 pari(li)
1167 2254 1335 2289 devotione

440 2308 489 2340 Te
512 2314 638 2350 precor,
663 2306 795 2347 impone
818 2314 947 2337 sensum
970 2304 1051 2337 mihi
1076 2313 1148 2337 oum
1172 2303 1305 2345 ratione,

441 2355 488 2389 Ut
512 2354 602 2396 vigili
627 2362 704 2387 cura
728 2353 789 2385 tibi
813 2352 953 2385 scribam
977 2354 1146 2393 menteque
1169 2360 1260 2392 pura,

440 2404 528 2445 Quae
554 2405 665 2435 contra
688 2402 760 2435 iura
784 2401 930 2435 tolerasti
956 2401 1052 2433 noxia
1078 2401 1167 2433 dura.
