1653 2608
714 87 972 122 ——205—

605 180 665 213 198.
704 180 740 212 In
759 180 975 222 Assumptione
994 180 1081 213 BMV.

885 245 916 277 4.
938 242 1026 284 Ergo
1051 241 1308 282 benignissimam

203 240 233 273 1.
260 240 286 272 O
311 239 412 281 virgo,
438 240 502 274 Dei
527 243 681 282 genetrix,

306 296 324 319 o
349 291 452 321 mater
478 290 671 331 veneranda,

259 336 284 368 Ο
310 335 433 368 intacta
451 337 572 370 Christi
595 346 722 379 parens,

308 392 326 415 o
354 384 482 417 domina
505 384 675 419 laudanda.

200 441 232 473 2.
256 442 282 474 O
299 442 499 482 redemptrix
522 442 695 484 hominum,

309 498 327 521 0
354 491 450 522 decus
475 491 670 532 angelorum,

259 537 285 570 Ο
312 538 423 578 regina
446 538 578 578 saeculi,

307 594 325 617 0
350 585 453 625 gloria
479 585 647 618 caelorum.

199 642 232 675 3.
259 642 284 675 Ο
310 650 384 681 spes
410 644 442 672 et
469 641 665 674 desiderium

307 690 446 721 omnium
471 692 663 731 sanctorum,

261 737 285 770 O
312 737 401 777 quies
426 737 650 777 laborantium,

308 793 325 816 0
351 786 437 817 salus
462 784 660 818 miserorum.

992 294 1024 322 te
1046 294 1178 323 matrem
1203 290 1409 330 imploramus

942 338 1105 378 Tuamque
1129 336 1311 369 mellifluam

992 385 1189 418 clementiam
1214 393 1370 426 rogamus,

888 444 919 476 5.
945 443 993 476 Ut
1016 443 1099 474 sicut
1122 445 1285 482 assumpta
1309 450 1343 474 es

991 490 1032 523 ad
1058 492 1163 523 Iesum
1187 493 1275 522 tuum
1299 492 1418 530 natum,

942 538 986 570 Et
1009 540 1042 569 te
1066 538 1146 570 caeli
1168 538 1325 571 credimus

990 588 1101 618 tenere
1125 586 1350 626 principatum,

885 644 918 677 6,
942 643 993 674 Tu
1016 652 1075 682 pro
1100 642 1193 674 nobis
1219 642 1360 683 digneris

991 690 1093 722 Deum
1121 698 1253 722 exorare

944 738 1052 778 Atque
1076 746 1165 770 suam
1190 738 1323 778 gratiam

992 785 1083 817 nobis
1108 787 1292 825 impetrare,

546 844 577 875 7.
603 842 649 875 Ut
674 852 731 876 nos
755 842 795 874 ab
819 842 880 874 hoc
905 842 1016 874 exsilio

653 891 715 923 cito
740 890 784 922 lib
789 898 879 922 erare

606 938 689 970 Velit
715 940 747 968 et
771 938 803 969 in
829 937 930 977 gioria

649 994 707 1016 sua
732 985 899 1018 collocare.

266 1042 347 1069 Orat.
370 1050 422 1069 ms.
443 1041 494 1069 SS.
517 1042 650 1070 Udalrici
671 1043 701 1068 et
719 1040 807 1068 Afrae
823 1048 898 1068 saec.
920 1037 964 1068 15.
986 1041 1058 1069 Clm.
1079 1042 1232 1070 Monacen,
1254 1039 1338 1068 44:³2.

610 1124 671 1155 199.
706 1123 741 1156 In
762 1123 980 1164 Assumptione
999 1123 1087 1155 BMV.

204 1186 235 1218 1.
265 1186 289 1219 O
307 1186 397 1227 virgo
423 1186 683 1226 prudentissima,

309 1243 370 1274 quo
396 1234 549 1274 progredi
576 1234 728 1274 disponis,

263 1283 351 1322 Quae
375 1282 473 1314 tantis
496 1282 529 1313 in
555 1281 727 1314 virtutibus

309 1338 457 1362 coruscas
482 1332 578 1369 atque
604 1327 719 1361 donis?

204 1389 235 1420 2.
262 1388 311 1419 Tu
337 1396 370 1419 es
394 1388 471 1419 luna
497 1386 614 1419 clarior

312 1439 344 1467 et
365 1434 523 1467 universis
548 1434 651 1466 stellis

262 1483 308 1515 Et
329 1483 429 1515 solem
453 1486 509 1516 tuo
532 1482 653 1514 iumine

311 1528 437 1571 fulgida
459 1531 642 1571 praecellis,

203 1590 235 1621 3.
261 1589 311 1621 Tu
336 1588 469 1629 spiritus
493 1588 653 1628 angelicos

310 1635 434 1668 meritis
458 1636 628 1676 praecedis

263 1688 371 1724 Atque
394 1687 522 1716 sanctos
545 1684 712 1716 universos

312 1731 484 1765 virtutibus
512 1731 651 1764 excedis,

204 1792 236 1824 4.
263 1792 334 1823 Ave
358 1798 444 1831 ergo,
471 1790 616 1831 genetrix

309 1839 412 1870 nostri
437 1838 600 1881 creatoris,

259 1887 367 1919 Mater
391 1886 451 1919 filii
475 1885 549 1925 Dei,

311 1935 422 1967 mundi
446 1934 671 1976 redemptoris.

203 1994 234 2026 5.
260 1994 341 2033 Ave,
366 1993 458 2033 virgo
482 1992 652 2033 virginum,

312 2040 498 2073 dulcissima
522 2040 637 2085 Maria,

263 2090 333 2122 Ave
359 2089 616 2129 clementissima,

308 2136 492 2169 misericors
519 2139 551 2169 et
575 2138 639 2178 pia.

915 1186 946 1218 6.

893 1993 947 2025 10.

973 1186 1022 1217 Tu
1046 1195 1118 1218 nam
1146 1184 1364 1218 desiderabili«.

1020 1242 1052 1264 es
1080 1237 1112 1265 et
1136 1233 1317 1272 affectuosa,

972 1281 1139 1320 Amabilis,
1167 1281 1323 1313 mirabilis

1018 1328 1063 1361 Et
1087 1329 1181 1362 nimis
1206 1330 1353 1371 gratiosa-

936 1411 944 1419 .
972 1386 1035 1418 Per
1060 1386 1310 1418 misericordiam

1020 1436 1107 1465 tuam
1134 1437 1166 1465 et
1189 1435 1339 1467 virtutem

974 1481 1127 1521 Corporis
1153 1484 1185 1514 et
1209 1482 1332 1515 animae

1019 1528 1157 1569 impetra
1182 1531 1326 1563 salutem.

937 1609 946 1617 .
973 1587 1016 1619 Et
1040 1587 1148 1619 Iesum
1172 1590 1260 1620 tuum
1286 1587 1385 1620 fliium

1023 1635 1239 1668 dulcissimum
1267 1636 1399 1677 dignare

973 1684 1038 1715 Pro
1062 1692 1124 1725 me,
1149 1687 1252 1716 mater
1277 1684 1409 1724 gratiae,

1024 1731 1196 1764 clementer
1220 1740 1363 1772 exorare,

940 1813 946 1819 .
973 1788 1019 1821 Ut
1042 1798 1101 1829 per
1126 1799 1215 1822 suam
1238 1799 1257 1821 a
1281 1793 1315 1822 te
1338 1792 1482 1822 sanctam

1020 1837 1271 1870 incarnationem

974 1885 1081 1926 Atque
1105 1895 1164 1927 per
1188 1886 1421 1919 sanctissimam

1023 1944 1110 1967 suam
1136 1944 1314 1974 passlonem

973 1992 1058 2025 Mihi
1082 1992 1310 2033 paenitentiam

1022 2050 1163 2073 meorum
1187 2043 1390 2081 peccatorum

977 2088 1112 2122 Tribuat
1137 2092 1169 2120 et
1193 2088 1346 2122 scelerum

1024 2138 1147 2171 veniam
1173 2145 1323 2175 meorum,

545 2195 602 2230 11.
629 2195 675 2229 Ut
700 2203 771 2228 mea
795 2196 892 2236 digne
914 2196 1041 2230 valeam

679 2243 799 2276 delicta
822 2245 988 2285 paenitere

626 2292 734 2332 Atque
758 2301 840 2333 mea,
866 2301 947 2333 quae
975 2291 1128 2332 commisi,

675 2339 819 2373 facinora
845 2339 975 2373 deflere.

266 2399 346 2428 Orat.
367 2408 420 2427 ms.
442 2397 494 2426 SS.
515 2397 651 2427 Udalrici
671 2400 701 2426 et
721 2397 811 2426 Afrae
831 2405 906 2426 saec.
929 2395 973 2425 15.
1004 2397 1076 2426 Cim.
1096 2396 1249 2424 Monacen.
1271 2393 1356 2424 4432.
1376 2410 1415 2414 —
1440 2393 1467 2429 4,
1488 2392 1506 2422 3

191 2438 254 2465 Ave
273 2439 376 2466 mater.
