1651 2606
157 184 212 218 45.

156 516 212 547 46.

153 834 205 866 47.

156 1155 211 1187 48.

157 1476 211 1509 49.

159 1796 213 1828 50.

164 2120 220 2153 51.

679 83 915 117 ...80—

240 184 317 217 Cum
346 184 388 216 ad
412 183 514 215 locum
539 181 759 222 pervenerunt,

291 230 361 263 Suis
387 239 457 263 eum
483 229 620 262 vestibus

238 279 370 311 Nudant
393 280 424 309 et
449 286 517 309 cum
544 276 760 313 detraxerunt,

285 325 332 358 Ut
355 327 405 358 sat
428 325 527 364 liquet
551 322 704 360 omnibus,

237 373 309 405 Rivi
334 372 492 412 sanguinis
514 369 674 402 fluxerunt

283 419 367 452 Novi
392 419 432 450 de
456 417 650 451 vulneribus,

238 514 455 546 Extendentes
480 512 526 543 sic
550 513 705 551 ruperunt

284 560 499 593 Membrorum
526 556 736 599 compagines,

234 608 287 640 Ad
312 615 436 639 crucem
462 606 545 646 quod
571 608 743 645 potuerunt

282 654 452 686 Numerari
475 652 602 685 ordines

235 701 367 744 Ossium,
396 704 428 732 et
453 700 639 733 defecerunt

280 747 381 782 Inferi
404 750 480 780 tunc
505 748 663 781 cardines.

234 834 278 866 Et
303 834 388 866 cruci
413 834 459 865 sic
488 832 669 866 adfixerant

284 880 443 914 Summum
468 890 574 923 regem
597 880 717 921 gloriae

232 929 270 960 In
294 928 374 969 loco,
401 937 493 968 quem
518 928 690 968 elegerunt,

280 975 340 1014 Qui
364 980 413 1008 est
436 984 526 1008 mons
551 975 724 1018 Calvariae,

234 1023 278 1055 Et
301 1032 374 1055 mox
400 1022 496 1055 Satan
523 1025 709 1055 corruerunt

282 1070 409 1104 Cornua
432 1070 609 1111 superblae.

241 1155 330 1187 Tunc
356 1159 404 1188 est
429 1156 518 1188 clavo
542 1155 707 1195 perforata

283 1203 399 1235 Manus
425 1204 492 1235 eius
519 1203 661 1242 dextera,

238 1249 300 1282 Per
318 1259 410 1290 quam
429 1254 542 1282 cuncta
556 1254 630 1282 sunt
648 1252 764 1290 creata,

284 1296 381 1338 Caeli,
407 1300 504 1336 terra,
529 1297 645 1338 sidera,

237 1344 332 1376 Cuius
357 1347 444 1377 tactu
470 1349 501 1376 et
526 1347 688 1384 prostrata

285 1391 492 1424 Reviviscunt
516 1391 639 1424 funera.

238 1475 299 1508 Est
323 1476 452 1508 sinistra
475 1475 637 1509 terebrata

285 1523 400 1556 Manus
426 1523 651 1563 pariformiter,

240 1570 335 1603 Unde
358 1570 460 1603 fluunt
485 1571 622 1603 delicata

288 1618 467 1659 Unguenta,
493 1618 632 1650 letaliter

246 1664 428 1697 Sauciorum
454 1675 512 1706 per
534 1667 668 1706 peccata

292 1710 446 1744 Curatura
471 1713 616 1753 pleniter.

239 1796 284 1828 Et
307 1805 363 1836 pes
390 1798 501 1829 dexter
525 1801 709 1837 penetratus

286 1843 348 1876 Est
373 1845 461 1876 clavo
488 1846 671 1883 crudeliter,

239 1891 303 1923 Per
314 1900 406 1931 quem
420 1892 510 1924 nobis
521 1896 567 1924 est
577 1896 769 1926 monstratus

288 1937 414 1980 Cursus,
442 1948 502 1978 quo
529 1940 675 1972 celeriter

240 1986 294 2018 Ad
318 1986 471 2018 virtutum
496 1987 672 2019 caelibatus

288 2033 492 2074 Pertingatur
515 2034 661 2068 dulciter.

247 2120 307 2152 Pes
333 2118 461 2151 sinister
484 2119 638 2152 iaculatus

286 2166 362 2199 Fuit
392 2167 607 2207 consimiliter,

239 2215 283 2247 Et
307 2222 346 2245 ex
371 2214 437 2246 eius
461 2215 557 2255 plaga
579 2215 664 2247 latus

287 2261 454 2302 Sanguinis
480 2262 621 2294 suaviter

240 2310 353 2342 Manat
378 2310 474 2348 rivus,
503 2318 562 2350 quo
589 2310 735 2351 plagatus

287 2358 455 2398 Languens
480 2356 518 2390 fit
543 2355 689 2390 feliciter.

833 179 888 212 52.

835 511 889 543 53.

837 835 892 867 54.

838 1157 894 1190 55.

840 1479 895 1511 56.

842 1802 895 1834 57.

842 2124 896 2157 58.

915 178 961 210 At
994 175 1028 208 in
1053 175 1153 208 altum
1178 175 1288 207 levant
1312 180 1448 215 crucem,

962 223 1006 255 Et
1030 223 1147 263 pedum
1174 221 1349 255 confractio

916 272 972 304 Fit
994 280 1033 302 ac
1057 279 1215 312 manuum,
1244 274 1277 302 et
1303 269 1417 301 ducem

964 318 1019 350 Sic
1049 317 1197 350 obfuscat
1218 317 1337 358 passio,

917 366 963 399 Ut
987 374 1057 398 eum
1080 374 1145 398 non
1166 373 1275 398 veram
1300 364 1404 396 lucem

965 414 1120 447 Crederet
1143 415 1220 445 tunc
1245 411 1362 446 contio.

917 510 1005 541 Duos
1030 517 1165 549 nequam
1191 508 1417 548 adpenderunt

965 557 1019 589 Ad
1046 557 1148 589 crucis
1172 555 1352 598 patibulum

920 605 1005 637 Hinc
1029 608 1060 636 et
1083 604 1158 636 hinc
1184 606 1215 635 et
1239 605 1419 636 statuerunt

964 651 1120 693 Medium,
1148 652 1202 692 qui
1226 652 1387 684 saeculum

922 699 1041 740 Salvat,
1064 700 1149 739 quod
1166 704 1242 733 tunc
1259 699 1449 739 nescierunt,

966 748 1108 780 Cernunt
1132 749 1206 788 post
1229 748 1272 779 ad
1297 747 1434 780 oculum.

920 834 1033 866 Vestes
1059 833 1125 864 eius
1152 833 1338 871 diviserunt,

967 881 1139 921 Postquam
1165 889 1291 913 crucem
1313 880 1428 920 induit,

920 929 1023 967 Super
1047 927 1161 968 quibus
1187 930 1220 959 et
1241 929 1397 960 miserunt

966 975 1102 1018 Sortem,
1128 975 1214 1015 quod
1237 985 1300 1007 non
1325 976 1428 1006 tacuit

921 1023 1097 1063 Scriptura,
1124 1024 1183 1055 sed
1209 1023 1394 1054 cecinerunt

966 1070 1087 1102 Psalmi
1111 1070 1182 1114 hoc,
1209 1079 1269 1102 nec
1292 1070 1396 1103 latuit.

921 1156 1026 1194 Super
1052 1164 1178 1187 crucem
1203 1158 1235 1187 et
1259 1155 1382 1188 Pilatus

967 1203 1114 1243 Adponit
1136 1204 1222 1235 hunc
1245 1204 1392 1235 titulum:

920 1252 1008 1282 lesus
1032 1251 1218 1283 Nazarenus
1247 1253 1340 1282 natus

967 1298 1037 1329 Rex
1062 1301 1111 1330 est
1133 1307 1229 1340 super
1254 1298 1407 1339 populum

919 1344 1150 1385 Hebraeorum,
1177 1355 1226 1386 en,
1254 1346 1422 1378 damnatus

966 1393 1057 1424 Perit
1079 1402 1139 1432 per
1163 1393 1352 1433 patibulum.

923 1478 1111 1511 Sacerdotes
1138 1482 1170 1510 et
1194 1479 1312 1512 levitae

969 1525 1046 1557 Cum
1072 1527 1349 1568 praetereuntibus

920 1573 1069 1606 Ridendo
1097 1573 1223 1606 dicunt:
1251 1574 1368 1606 Venite

966 1620 1017 1653 De
1042 1629 1146 1661 cruce,
1174 1623 1206 1653 et
1231 1621 1376 1654 omnibus

922 1669 1004 1700 Esse
1028 1668 1215 1709 largitorem
1240 1670 1326 1701 vitae

969 1716 1015 1748 Te
1040 1716 1164 1756 patebit
1189 1717 1347 1757 gentibus.

924 1802 1003 1834 Orat
1026 1805 1149 1841 patrem
1178 1802 1275 1834 corde
1299 1811 1380 1843 puro

970 1848 1032 1881 Pro
1063 1848 1339 1890 crucifigentibus:

922 1897 1046 1929 Poenas
1071 1897 1129 1928 has
1146 1905 1205 1936 pro
1225 1898 1347 1929 cunctis
1366 1899 1455 1938 duro,

970 1942 1072 1975 Parce
1096 1943 1366 1988 delinquentibus,

921 1992 1005 2030 Quas
1031 1994 1063 2022 et
1086 1992 1166 2023 meis
1190 1995 1266 2032 post
1288 2002 1427 2033 procuro

968 2037 1091 2071 Electis
1116 2039 1281 2075 militibus,

921 2123 1012 2156 Unus
1037 2124 1263 2165 blasphemans
1290 2135 1417 2160 reorum

970 2172 1047 2205 Ait:
1073 2173 1180 2207 salvos
1205 2173 1306 2207 facias

922 2219 990 2252 Nos
1016 2223 1048 2252 et
1072 2224 1114 2261 te,
1141 2223 1169 2254 si
1194 2223 1394 2255 saeculorum

969 2267 1040 2300 Rex
1065 2277 1108 2308 es,
1134 2270 1193 2302 sed
1220 2270 1352 2303 delicias

922 2315 1016 2347 Alter
1041 2316 1123 2356 petit
1146 2317 1315 2349 beatorum

972 2362 1050 2397 Post
1075 2365 1179 2397 carnis
1204 2366 1346 2400 exuvias
