1651 2606
678 77 938 113 —143-

169 167 335 198 seheinlieh
358 171 444 199 nieht
468 180 506 200 zu
529 172 640 202 diesem
659 173 752 203 Liede
777 174 923 212 geheren,
951 173 1078 202 sondem
1105 174 1174 201 eher
1199 173 1250 201 der
1270 173 1388 202 Sehluss
1408 175 1489 203 einer

169 206 304 243 Sequenz
324 217 362 236 zu
384 210 448 237 sein
465 211 620 240 seheinen:

220 252 271 282 la.
294 256 378 301 Vale,
399 260 485 293 porta
507 259 681 293 cristallina,
863 258 915 288 lb.
936 261 1018 294 Vale,
1039 268 1108 288 rosa
1130 267 1231 287 carens
1252 261 1346 295 spina,

297 294 368 339 Vivi
389 298 475 332 panis
497 296 624 331 officina,
937 299 1031 335 Virga
1049 299 1155 326 florens
1176 298 1208 325 vi
1228 298 1338 332 divina,

295 332 389 362 Dlrae
408 336 512 362 mortis
532 336 687 369 medicina,
937 337 984 364 De
1004 345 1063 373 qua
1081 344 1142 364 nux
1162 336 1352 372 amygdalina

333 371 405 400 Flos
426 373 528 401 mundi
546 374 652 402 Maria.
977 376 1079 403 Crevit
1096 376 1178 402 vitae
1195 375 1256 402 via.

219 415 271 445 2a.
293 419 376 464 Vale,
397 421 482 457 virgo
502 423 644 456 virtuosa,
863 420 916 450 21).
936 424 979 451 Te
999 422 1160 456 laudamus,
1183 424 1217 450 ut
1237 422 1380 458 condigne

295 457 354 486 Dei
374 461 469 487 mater
488 468 640 496 generosa,
938 461 1000 489 Nos
1022 461 1162 489 accendat
1180 461 1262 489 Deus
1281 461 1351 497 igne

333 495 428 525 Plena
447 501 549 526 saneto
566 498 693 526 flamine.
977 500 1116 528 Caritatis
1135 500 1277 535 geminae.

619 590 681 621 144.
710 590 754 621 De
774 590 875 622 Parta
893 590 1048 631 Virginis.

187 659 216 692 1.
246 659 370 700 Gaude,
401 668 482 700 quae
508 669 541 693 es
566 661 756 693 obumbrata
874 662 904 694 3.
932 661 1003 694 Hoc
1027 662 1080 694 lex
1105 664 1195 694 vetus
1219 661 1378 703 figuravit,

243 707 449 748 Caelitusque
473 707 668 749 fecundata3
937 736 1357 745 ,,,,,,,,

244 754 298 788 Sic
325 757 359 788 in
384 756 472 788 nullo
498 756 619 788 violata
932 757 1164 797 Prophetarum
1189 758 1250 789 hoc
1274 757 1419 789 narravit

293 803 455 836 Christum
480 803 572 836 nobis
595 804 721 846 genuit3
979 805 1167 837 Laudabilis
1193 813 1352 848 numerus,

242 851 355 884 Rubus
380 852 468 884 visus
493 851 685 884 inflammari
933 853 965 885 A
990 852 1157 892 prophetis
1182 853 1362 884 nuntiatum

244 899 348 939 Super
374 899 451 931 Sina
475 908 535 932 nee
561 900 696 932 eremari
933 899 977 932 Et
1001 909 1021 931 a
1046 900 1114 939 lege
1140 898 1309 939 figuratum

242 947 293 980 De
318 950 473 987 conceptu
497 948 635 987 puellari
933 947 1095 981 Christum
1120 946 1246 986 profert
1269 946 1361 978 nobis
1378 947 1487 977 natum

293 994 424 1036 Signum
447 995 522 1027 olim
546 995 707 1034 praebuit.
980 994 1154 1034 Virginalis
1183 997 1301 1026 uterus.

186 1054 217 1086 2.
247 1052 366 1085 Contra
392 1061 499 1084 casum
523 1052 648 1092 primae
672 1052 768 1084 sortis
875 1052 905 1084 4.
931 1050 1042 1083 Venus
1067 1051 1156 1091 p1ius
1181 1051 1348 1091 irrigatum

243 1100 296 1132 Ad
322 1099 461 1132 delenda
484 1100 555 1132 iura
581 1100 691 1132 mortis
932 1098 1076 1131 Tandem
1105 1101 1211 1131 manet
1236 1098 1439 1141 exsiccatum,

243 1147 438 1181 Exsurrexit
460 1149 510 1180 leo
536 1147 630 1180 fortis
933 1146 1048 1187 Sicque
1076 1147 1200 1187 signum
1227 1150 1275 1178 est
1299 1146 1456 1186 signatum

293 1196 343 1227 De
367 1196 470 1236 stirpe
494 1195 663 1236 Davidica‚
982 1194 1125 1227 Gedeoni
1152 1194 1325 1233 ereditum3

244 1245 323 1277 Iura
346 1244 459 1275 mortis
485 1246 558 1276 sunt
585 1244 732 1283 disrupta
935 1242 989 1275 Sie
1012 1243 1054 1275 ad
1079 1245 1190 1274 nutum
1213 1242 1368 1274 trinitatis

246 1318 669 1327 ........
934 1290 1067 1323 Constat
1091 1298 1197 1331 regem
1222 1289 1397 1321 maiestatis

246 1366 672 1375 ........
934 1337 1067 1379 Absque
1092 1338 1206 1370 damno
1233 1337 1389 1369 castitatis

292 1387 379 1420 Voce
404 1386 451 1419 sic
476 1387 630 1428 angelica.
981 1386 1033 1418 Ex
1058 1385 1165 1418 Maria
1189 1385 1339 1426 genitum.

533 1446 563 1478 5.
590 1445 689 1485 Virgo
713 1444 793 1487 sola,
814 1448 917 1477 mater
942 1447 1090 1486 matrum,

591 1493 702 1533 Nupta
727 1493 796 1525 sola
820 1492 907 1534 patri
931 1494 1069 1532 patrum,

590 1541 636 1574 Ut
662 1550 791 1573 suorum
816 1541 896 1572 velit
920 1539 1056 1572 fratrum

636 1589 798 1629 Misereri,
825 1588 991 1629 supp1i0a3

590 1636 636 1670 Ut
660 1647 680 1669 a
705 1637 807 1676 culpis
834 1646 891 1668 nos
917 1635 1068 1668 emundet

592 1684 833 1725 Virtutibusque
860 1683 1012 1717 fecundet

588 1733 632 1765 Et
656 1735 731 1773 post
753 1734 837 1765 hanc
852 1733 951 1765 vitam
969 1741 1075 1764 secum
1095 1732 1149 1764 det

637 1781 714 1813 Vita
737 1780 802 1813 frui
828 1780 957 1813 caelica.

170 1888 196 1915 E
232 1849 330 1917 1Οέξὲ
358 1857 412 1877 mS.
437 1849 553 1877 Domus
577 1849 682 1877 Novae
707 1848 798 1876 Lueis
826 1849 897 1875 anni
923 1845 1006 1875 1477.
1056 1846 1126 1874 Cod.
1157 1846 1344 1875 Ultraieetin.
1365 1844 1492 1882 Scrippt.

180 1895 251 1916 ⁴06.
332 1908 338 1915 .

620 1971 683 2003 145.
716 1971 757 2003 De
778 1970 877 2002 Partu
897 1970 1051 2012 Virginis.

187 2044 217 2078 1.
244 2043 369 2085 Gaude,
395 2052 513 2083 parens
538 2045 651 2076 eontra
674 2043 746 2075 iura
875 2044 907 2075 2,
934 2042 990 2085 Te,
1016 2040 1134 2081 Maria,
1156 2040 1308 2073 salutavit

292 2090 370 2124 Cum
395 2090 529 2131 pudoris
554 2091 634 2131 lilio,
983 2088 1114 2122 Gabriel
1139 2087 1359 2128 archangelus,

242 2140 314 2173 Hoc
337 2140 518 2180 praecessit
538 2139 571 2171 in
597 2138 700 2180 figura
934 2138 978 2170 Et
1002 2145 1076 2169 mox
1101 2137 1161 2169 tibi
1186 2134 1390 2168 obumbravit

292 2187 389 2221 Certa
414 2186 484 2219 sine
510 2187 618 2228 dubio,
982 2185 1093 2218 Virtus
1123 2184 1227 2217 saneti
1251 2183 1395 2224 spiritus,

245 2237 354 2277 Usque
378 2238 486 2268 tamen
512 2238 545 2266 et
568 2238 683 2268 natura
936 2234 1086 2267 Ventrem
1113 2235 1200 2265 tuum
1228 2229 1415 2264 fecundavit

290 2285 428 2325 Stupent
453 2286 549 2324 atque
573 2284 666 2326 ratio,
983 2282 1104 2314 Summi
1127 2280 1210 2322 regis
1234 2278 1329 2321 filius,

245 2333 335 2372 Quod
361 2337 396 2366 tu
420 2340 531 2366 manes
561 2331 650 2372 virgo
676 2340 758 2372 pura
936 2330 999 2363 Sed
1025 2333 1058 2362 te
1083 2338 1242 2369 nunquam
1268 2326 1411 2367 violavit,

293 2381 378 2414 Nato
403 2384 458 2414 tuo
482 2380 561 2414 filio.
984 2378 1076 2411 Sient
1099 2385 1208 2410 omnes
1231 2374 1400 2408 oredimus.
