1651 2606
738 82 972 118 -48-

285 182 364 210 Orat.
385 190 437 209 ms.
458 181 569 209 Domus
584 182 685 209 Novae
698 179 786 208 Lucis
807 179 877 205 anni
900 174 981 204 1477.
1010 175 1079 205 Ood.
1093 175 1281 204 Ultraiectin.
1298 174 1417 209 Scriptt.
1432 172 1514 200 Eccl-

210 216 274 247 375.
296 234 330 239 -
352 219 434 247 Nach
456 218 481 252 9,
501 217 522 246 4
540 220 606 247 sind
627 218 761 254 folgende
781 218 852 244 zwei
873 215 1062 250 uberzahlige
1082 214 1184 241 Zeilen
1204 212 1437 250 eingeschoben:

667 267 743 300 Quia
763 263 945 291 Christianus
965 262 1047 290 dicor

708 303 749 331 Et
768 304 797 329 te
816 302 904 328 laudo
925 301 1062 334 carmine,

205 353 245 416 ilii2
262 352 355 418 dgnffin
375 353 449 397 auch
470 352 520 380 tier
539 353 623 380 Reim
646 351 695 378 der
716 349 884 386 ungeraden
903 347 984 375 Zeile
1000 347 1084 374 fehlt.
1108 360 1146 364 ——
1169 344 1214 380 10,
1236 343 1252 372 1
1274 346 1356 373 Deus
1375 344 1457 373 fehlt.
1495 360 1516 366 -

246 409 253 423 ,
340 399 359 417 u
378 398 436 418 via.

643 496 689 527 36.
722 496 768 528 Ad
788 495 945 527 Christum
964 495 1080 527 Oratio.

903 578 933 610 3.
962 575 1067 607 Patris
1092 575 1140 606 tui
1164 574 1289 616 genitus

1004 623 1071 655 Nos
1095 621 1284 654 illuminasti

959 670 1005 702 Et
1031 673 1215 702 cunctorum
1240 669 1377 709 gemitus

224 578 254 611 1.
282 579 306 611 O
331 587 398 619 rex,
423 581 514 617 pater
538 578 686 619 gentium,

328 625 415 657 Caeli
435 624 656 664 triumphator,

282 672 472 705 Cunctorum
497 671 687 711 gementium

326 719 401 751 Pius
428 719 614 762 consolator,

280 766 317 798 In
339 774 408 797 eum
434 766 629 799 credentium

328 812 453 846 Firmus
471 814 659 854 consolator,

280 861 403 893 Devote
424 861 592 893 colentium

323 908 370 941 Es
395 911 623 942 remunerator.

222 975 253 1007 2.
279 974 331 1007 Ad
353 977 455 1007 terras
480 984 539 1014 pro
562 975 688 1007 homine

325 1022 436 1054 Victor
462 1022 654 1055 descendisti

278 1069 322 1101 Et
345 1070 384 1101 de
408 1073 510 1102 matre
532 1070 654 1111 virgine

328 1116 425 1148 Nasci
449 1117 587 1159 voluisti,

280 1164 377 1204 Quam
402 1173 492 1196 sacro
515 1165 688 1204 spiramine

326 1211 438 1243 Totam
462 1212 636 1251 replevisti,

280 1258 329 1291 De
354 1268 425 1299 qua,
453 1259 532 1291 caeli
558 1260 693 1299 domine,

329 1306 464 1339 Carnem
489 1307 698 1347 assumpsisti.

1007 719 1083 751 Pius
1107 717 1289 759 illustrasti,

958 765 1096 797 Veniens
1123 764 1276 797 divinitus

1005 813 1141 845 Hostem
1166 813 1213 844 sic
1236 810 1366 852 fugasti,

958 861 1012 892 Ad
1039 860 1123 893 ovile
1149 859 1282 892 caelitus

1007 909 1105 941 Ovem
1130 907 1300 941 revocasti.

900 977 932 1009 4.
959 974 1043 1006 Nam
1067 983 1180 1013 passus
1205 983 1265 1015 pro
1289 973 1418 1006 homine

1005 1022 1043 1054 In
1070 1030 1164 1053 eruce
1189 1021 1289 1062 fuisti,

957 1069 1001 1101 Et
1026 1078 1084 1110 pro
1110 1072 1220 1102 nostro
1245 1070 1373 1101 nomine

1006 1117 1200 1157 Sanguinem
1222 1115 1346 1161 fudisti,

958 1165 1187 1204 Cunctipotens
1212 1164 1359 1206 Domine,

1006 1212 1060 1244 Sic
1084 1221 1141 1243 nos
1167 1212 1343 1257 redemisti,

960 1259 1086 1292 Solutos
1113 1269 1133 1291 a
1158 1260 1291 1292 crimine

1005 1307 1050 1339 Et
1073 1316 1093 1339 a
1117 1316 1222 1348 poena
1245 1308 1344 1343 tristi,

619 1374 650 1406 5.
676 1373 744 1406 Fac
768 1382 836 1417 nos,
864 1383 920 1405 rex
945 1373 1099 1413 piissime,

725 1422 861 1454 Cunctos
886 1425 920 1453 te
942 1421 1065 1464 timere,

679 1469 790 1501 Victor
811 1468 1042 1509 potentissime,

724 1517 862 1549 Peccata
888 1514 1015 1556 deflere,

676 1564 755 1596 Post
775 1566 909 1595 mortem
934 1564 1129 1607 plenissime,

726 1611 861 1651 Christe,
887 1614 919 1643 te
942 1611 1064 1655 videre,

680 1660 719 1691 In
746 1659 841 1691 caelis
866 1659 1041 1691 laetissime

726 1707 844 1738 Tecum
870 1707 1080 1747 congaudere.

213 1776 358 1841 iustiCod-
379 1778 579 1807 Vindobonen.
604 1777 681 1809 4314
706 1783 776 1809 anni
802 1779 883 1809 1456.
913 1797 948 1802 -
974 1780 1000 1816 3,
1023 1781 1038 1810 1
1064 1782 1170 1811 Partus
1195 1784 1248 1811 tui.
1274 1798 1313 1803 ——
1339 1783 1366 1819 4,
1388 1781 1406 1811 8
1427 1792 1524 1820 poena

653 1927 698 1959 37.
719 1929 765 1960 Ad
785 1928 939 1962 Christum
960 1930 1077 1963 Oratio.

231 2007 262 2039 1.
290 2007 426 2049 Christe,
452 2006 499 2038 fili
523 2009 635 2039 summi
661 2009 773 2049 patris,

288 2056 350 2087 Per
375 2063 513 2086 amorem
539 2057 612 2087 tuae
635 2057 758 2090 matris.

290 2102 385 2135 Cuius
408 2105 519 2134 venter
543 2105 575 2133 te
600 2104 741 2142 portavit

287 2150 332 2182 Et
353 2151 386 2180 te
413 2149 500 2181 dulci
524 2149 609 2181 lacte
632 2151 732 2192 pavit,

911 2012 940 2044 3.
967 2011 1014 2042 Te
1037 2019 1121 2043 nunc
1145 2020 1262 2051 precor
1285 2012 1363 2045 licet
1387 2022 1473 2055 reus,

968 2058 1125 2090 Miserere
1149 2061 1222 2100 mei,
1251 2059 1350 2104 Deus,

967 2106 1134 2149 Miserere,
1161 2108 1339 2150 miserator,

972 2153 1052 2192 Quia
1076 2163 1152 2186 vere
1176 2164 1246 2187 sum
1270 2159 1433 2197 peccator.

230 2219 262 2250 2.
289 2218 335 2250 Te
360 2225 418 2256 per
442 2216 544 2257 ipsam
570 2226 625 2249 oro
651 2219 796 2261 supplex,

290 2265 369 2304 Quia
391 2269 427 2297 tu
452 2273 485 2296 es
510 2264 595 2296 salus
623 2264 750 2310 duplex,

290 2312 381 2345 Salus
406 2321 512 2344 rerum
536 2313 768 2346 mundanarum

289 2362 393 2400 Atque
418 2361 502 2393 salus
530 2360 715 2393 animarum.

913 2223 942 2253 4.
970 2221 1020 2253 Tu
1043 2224 1177 2261 peccata
1204 2223 1276 2255 dele
1299 2233 1372 2258 mea

967 2268 1012 2300 Et
1037 2278 1093 2303 cor
1115 2271 1271 2303 mundum
1291 2271 1327 2302 in
1351 2280 1403 2303 me
1428 2281 1515 2312 crea,

968 2315 1020 2348 Da
1036 2325 1126 2359 spem
1143 2316 1278 2358 firmam,
1295 2317 1394 2351 fidem
1407 2323 1530 2353 rectam

969 2363 1206 2405 Caritatemque
1229 2364 1423 2405 perfectam.
