1653 2608
214 317 269 350 30.

212 556 267 589 35.

209 795 266 829 40.

209 1036 266 1069 45.

195 1159 264 1188 God.
286 1159 494 1190 Carolsruhan.
508 1159 633 1196 Augien.
655 1158 700 1189 36.
722 1169 798 1189 saec.
820 1158 893 1189 ¹4l15.
911 1176 949 1180 ——-
968 1158 996 1188 3.
1019 1159 1094 1188 caeli
1113 1160 1167 1187 flos
1187 1161 1257 1187 vim.
1271 1174 1310 1178 —
1323 1157 1350 1188 9.
1364 1160 1432 1186 tuus

117 1201 162 1226 est
189 1200 307 1227 sanetus
331 1200 453 1227 fructus.
475 1214 511 1219 —
535 1197 579 1227 13.
599 1200 645 1227 'I'u
671 1202 774 1227 saneta
796 1199 932 1233 phoenix.
953 1213 991 1217 —
1013 1198 1057 1227 14.
1080 1201 1109 1226 et
1133 1198 1215 1226 fehlt.
1236 1213 1273 1217 —
1293 1196 1338 1226 30.
1359 1198 1435 1225 bene

119 1239 200 1265 rexit.
222 1251 259 1256 —-
278 1234 325 1265 31.
346 1237 514 1266 Produeens
536 1238 644 1265 donum
664 1239 774 1266 lucens.
794 1253 833 1257 —
851 1238 936 1266 Naeh
955 1238 1030 1266 Vei-s
1051 1235 1087 1266 36
1109 1237 1335 1274 eingesehobenz

119 1370 165 1400 43.
186 1381 242 1409 que
261 1371 341 1399 fehlt.
357 1387 397 1392 -
415 1370 463 1400 44.
485 1375 518 1400 tu
536 1372 618 1400 fehlt.
632 1388 670 1392 —
689 1371 735 1400 45.
755 1373 813 1401 Per
833 1376 863 1400 te
882 1374 950 1400 reis.
966 1388 1005 1392 —
1023 1371 1069 1400 46.
1092 1372 1153 1399 Der
1165 1371 1356 1399 Binnonreim
1372 1379 1437 1397 zer-

120 1412 200 1438 stb'rt.
227 1425 265 1430 -—
290 1411 381 1439 Mona
402 1412 442 1445 H,
466 1408 522 1440 323
543 1411 597 1438 hat
617 1412 735 1447 Anfang·
761 1410 822 1439 und
848 1409 965 1438 Sehluss
992 1411 1043 1438 des
1071 1410 1100 1438 G*
1115 1410 1243 1443 dichtes,
1272 1410 1355 1437 nicht
1379 1408 1417 1436 da

649 81 908 118 —145—

298 175 453 216 corporei
480 178 591 210 domus
617 187 688 212 esse
710 180 774 212 Dei
797 179 867 212 sine
889 180 964 212 labe
986 180 1130 223 mereris,

297 223 465 264 Ingressus
490 225 526 258 fit
552 229 584 258 et
609 235 764 269 egressus,
791 228 847 260 sed
874 228 981 260 clausa
1004 228 1133 260 teneris,

297 271 492 315 Ingreditur,
522 274 576 314 qui
602 276 788 319 coneipitur,
816 276 870 316 qui
893 277 1045 316 nascitur,
1073 276 1148 314 exit,

298 317 362 351 Sed
387 320 508 352 salvam
534 330 665 354 servans
689 324 816 356 valvam
842 324 1015 356 claustrum
1040 324 1121 356 bene
1145 324 1236 356 texit.

296 366 453 399 Produeis
480 369 638 401 dominum
666 370 757 411 lucis,
785 370 837 410 qui
861 373 894 402 te
914 371 1095 411 penetravit

293 414 340 447 Ut
364 415 499 447 vitream
524 425 585 448 nee
609 417 785 457 virgineam
810 421 936 457 portam
963 418 1105 451 violavit.

295 460 472 494 Sublimem
498 466 604 504 gestas
627 464 781 497 humilem
804 474 1015 506 magnumque
1039 465 1200 509 pusillum,

294 508 377 541 Nam
404 519 511 543 rerum
534 510 705 543 Dominum
731 522 843 545 verum
868 514 970 546 virtus
995 513 1112 554 probat
1135 514 1237 548 illum.

295 558 400 589 Amne
424 558 509 598 rigas
534 559 713 599 pannisque
737 561 829 601 ligaS,
861 569 921 600 quo
947 562 1053 594 vinela
1078 570 1204 593 reorum

293 604 470 649 Laxantur,
499 615 560 646 quo
585 607 780 640 mundantur
804 608 916 640 sordes
942 610 1128 641 animorum.

295 652 397 684 Stella
421 653 499 693 poli,
526 654 638 694 regina
662 655 733 695 soli,
759 658 795 687 tu
819 656 967 696 proxima
991 657 1062 697 soli,

291 699 399 740 Digna
425 701 497 742 coli,
524 701 593 733 sine
617 702 702 734 nube
728 702 804 743 doli,
829 712 881 735 me
905 712 1056 743 spernere
1080 704 1157 737 noli.

294 746 371 779 Flos
396 746 521 788 florum,
548 747 620 781 fons
646 750 821 791 hortorum,
847 751 958 791 regina
981 752 1138 792 polorum,

295 795 376 835 Spes
402 797 523 840 veniae,
550 797 606 829 lux
631 798 783 840 laetitiae,
813 799 974 831 medicina
1000 800 1161 839 dolorum3

292 844 375 886 Ave,
401 844 463 876 Dei
489 844 587 877 clavis
611 844 689 878 fidei
711 846 901 888 requiesque
924 847 1080 886 laborum,

295 892 392 925 Clara
419 893 495 937 dies,
523 902 637 926 secura
662 894 751 935 quies
777 896 810 926 et
834 895 945 934 regula
968 903 1108 933 morum,

293 939 393 980 Virga
417 949 529 973 recens
555 941 708 982 virgoque
735 942 861 982 decens,
888 944 923 973 tu
948 940 1050 974 forma
1073 941 1238 983 bonorum,

290 988 387 1020 AIma
411 998 540 1029 parens,
568 991 602 1020 tu
626 989 700 1021 labe
724 997 837 1021 carens
862 997 936 1029 spes
961 993 1057 1029 atque
1080 998 1217 1028 reorum,

292 1036 395 1068 Preee
424 1037 489 1068 reis
515 1044 608 1076 opem
634 1035 684 1068 fer
709 1037 755 1069 eis
780 1045 838 1077 pro
863 1045 943 1076 pace
969 1045 1086 1076 eorum,

290 1083 394 1115 Pasce
418 1086 499 1127 tuos,
529 1092 680 1116 succurre
704 1085 776 1124 tuis,
804 1084 957 1116 miserere
980 1087 1115 1118 tuorum.

386 1285 496 1314 Sancta
514 1286 573 1314 Dei
593 1287 730 1322 genitrix,
752 1286 906 1315 benedicta
925 1295 1082 1323 pum-pera,
1106 1285 1196 1319 salve,

422 1325 531 1353 Inclita
551 1327 653 1358 mater,
675 1333 738 1359 ave,
758 1326 842 1360 virgo
864 1325 961 1358 beata,
983 1325 1057 1352 vale.

119 1449 225 1483 Ganze,
247 1450 302 1476 wie
323 1449 487 1485 Chevalier,
508 1450 626 1486 Repert.
647 1449 787 1485 Hymnol.
811 1447 917 1483 17966,
939 1450 1069 1485 angiebt.

129 1652 159 1685 1.
188 1652 310 1695 Gaude,
338 1654 420 1685 caeli
447 1653 585 1694 domina,

569 1571 630 1602 147.
660 1571 705 1603 De
724 1570 877 1604 Uberibus
898 1571 987 1603 BMV.

815 1654 846 1686 3.
873 1651 978 1695 Salve,
1003 1653 1109 1693 liquor
1133 1651 1259 1694 nobilis,

233 1701 320 1740 Quae
344 1701 448 1733 Deum
475 1702 605 1734 deorum
921 1700 1043 1741 Duicis,
1070 1700 1220 1742 pretiose,

187 1748 296 1782 Pascis
323 1758 362 1781 ex
386 1748 545 1791 papillula

231 1796 374 1830 Uberum
400 1800 546 1836 tuorum3

871 1748 1009 1781 Manans
1035 1758 1074 1780 ex
1098 1747 1250 1780 uberibus

921 1797 1062 1837 Virginis
1087 1795 1257 1838 formosae,

186 1846 210 1879 O
237 1845 333 1877 beata
355 1845 465 1889 ubera,
873 1845 1036 1877 Praebens
1062 1844 1246 1875 alimoniam

234 1893 327 1927 Omni
351 1894 449 1927 laude
475 1894 581 1936 digna,
922 1893 1049 1926 Christo
1075 1901 1229 1932 amorose,

181 1941 252 1975 Usu
275 1945 342 1974 tam
366 1942 499 1984 nobilia,
874 1942 925 1975 Sis
948 1942 1075 1974 medela
1099 1941 1226 1973 animae

233 1988 359 2023 Christo
384 1991 590 2031 praeparata.
919 1990 1014 2022 Meae
1043 1989 1243 2023 vulnerosae.

125 2049 155 2080 2.
185 2047 325 2087 Virginis
353 2047 555 2080 christiferae
812 2049 844 2081 4,
871 2048 896 2081 O
923 2047 1044 2080 Christi
1068 2055 1239 2089 puerpera,

230 2095 352 2136 Ubera,
377 2096 495 2138 valete,
918 2096 1019 2137 Virgo
1045 2103 1210 2137 generosa,

182 2144 220 2177 In
247 2144 377 2176 summis
401 2143 583 2184 praeconiis
872 2145 910 2177 In
936 2152 1073 2185 superno
1099 2143 1179 2175 solio

232 2191 341 2225 Milies
367 2194 470 2231 avete,
919 2192 1068 2233 Regnans
1092 2191 1240 2231 gloriosa,

185 2241 307 2273 Pausat
330 2239 393 2272 Dei
418 2238 503 2272 filius

872 2240 925 2273 Ad
950 2243 1005 2272 tua
1032 2241 1120 2272 clara
1143 2238 1252 2280 ubera,

232 2288 323 2322 Inter
347 2297 404 2321 vos
430 2288 545 2328 quiete,
919 2289 1055 2329 Asylum
1079 2295 1216 2325 reorum,

183 2336 250 2369 Lao
275 2345 315 2368 ex
339 2336 457 2369 vestris
483 2334 629 2368 faucibus
872 2336 958 2369 Reus
982 2345 1067 2369 nune
1092 2332 1248 2375 confugio,

235 2385 327 2426 Sugit
352 2384 500 2418 delicate.

170 2443 286 2472 Blume,
301 2444 346 2467 Pia
359 2444 504 2468 Dictamina.
532 2443 573 2467 Π.

1222 2436 1258 2466 10

923 2385 948 2418 O
976 2384 1078 2416 dulcis
1104 2391 1177 2423 spes
1202 2385 1340 2416 tuorum.
