1651 2606
161 206 216 240 36.

167 1179 222 1212 38.

175 1688 228 1720 39.

178 2190 235 2222 40.

682 98 914 139 -70-

242 205 335 238 Stant
359 203 470 237 fixuris
495 204 593 245 pedes
619 202 724 242 fracti,

246 253 343 285 Scissi
370 253 459 284 clavo
485 254 517 283 et
540 250 694 290 compacti
746 294 752 300 ¹

246 300 351 333 Cornu
389 299 535 332 dextrum
559 298 643 329 altae
669 304 770 327 crucls

245 348 398 380 Dextram
424 347 504 387 ligat
527 344 631 385 magni
659 343 747 375 ducis

246 510 729 525 ÷÷÷÷÷÷÷÷÷

246 561 726 570 .........

249 793 255 796 ,
376 761 448 792 leno
473 761 556 801 riget
579 760 672 791 laeva

245 809 306 841 Tui
330 816 425 848 noxa,
450 811 554 840 mater
578 807 658 847 Eva,

293 855 366 889 Rivi
392 854 495 887 fluunt
519 854 691 895 sanguinis.

247 903 301 936 Sic
326 905 470 936 clavatur
495 911 609 943 corpus
634 902 730 942 vitae,

246 949 435 983 Pei-foratur
458 950 544 982 latus
567 949 655 993 mite,

252 998 363 1030 Vultus
389 996 471 1037 fugit
493 996 709 1037 pulchritudo,

250 1045 310 1077 Dei
336 1046 416 1077 latet
437 1043 604 1084 furtitudo‚

297 1093 404 1125 Poena
425 1094 517 1131 patet
540 1091 688 1123 hominis.

249 1177 339 1209 Litus
365 1177 425 1208 hoc
448 1177 483 1208 in
507 1178 598 1218 poste
621 1176 759 1217 sanguis,

251 1224 321 1256 Hoc
345 1225 377 1256 in
403 1224 476 1263 palo
493 1224 636 1264 pendens
654 1224 775 1264 anguis,

250 1272 355 1303 Vestis
380 1272 495 1311 Ioseph
520 1274 695 1310 cruentata,

252 1319 410 1352 Gruorosa
433 1319 520 1358 patri
543 1319 610 1350 lata

302 1366 453 1406 Signabat
479 1366 650 1406 negotium.

251 1414 379 1445 Vervex
404 1413 478 1443 olim
503 1413 564 1444 hoc
587 1413 621 1443 in
646 1415 745 1456 sente,

254 1460 326 1492 Hoc
349 1459 438 1492 Elias
463 1460 496 1491 in
522 1463 674 1500 torrente,

254 1508 354 1539 Pecus
378 1507 458 1546 legis
484 1507 544 1539 hoc
567 1510 739 1539 mactatum

255 1554 319 1586 Sub
345 1554 454 1594 figuris
474 1554 655 1586 obvelatum

301 1601 505 1634 Monstrabat
529 1602 724 1642 mysterium.

257 1686 310 1718 Sic
332 1695 411 1727 prae
435 1688 503 1719 sole
528 1687 699 1728 speciosus,

258 1733 312 1765 Sic
336 1742 414 1773 prae
434 1734 510 1766 luna
535 1734 716 1777 luminosus,

259 1781 325 1812 Pax
342 1782 497 1813 excedens
511 1790 633 1813 omnem
645 1790 781 1821 sensum,

258 1827 376 1860 Lumen
402 1837 516 1867 purum
542 1831 573 1860 et
595 1829 782 1861 immensum

304 1875 458 1907 Tenebris
483 1876 672 1908 obvolvitur.

260 1923 384 1956 Umbra
408 1932 518 1954 carens
546 1924 632 1955 clara
657 1925 734 1963 dies,

260 1971 335 2003 Sino
361 1978 436 2001 cura
461 1979 535 2002 vera
560 1971 657 2011 quies,

260 2017 381 2049 Lumen
406 2025 515 2051 verum
542 2018 717 2050 animarum

258 2066 403 2098 Veritate
426 2065 628 2097 tenebrarum

307 2112 361 2145 Sic
386 2113 545 2152 ecclipsim
572 2113 702 2152 patitur.

261 2189 368 2221 Pallet
383 2188 545 2229 sp1endor,
564 2191 685 2220 marcet
700 2198 783 2229 rosa,

259 2236 377 2269 Forma
397 2236 507 2268 sordet
530 2236 680 2279 animosa,

260 2285 384 2325 Corpus
408 2283 488 2316 livet
509 2285 693 2324 laceratum,

263 2332 378 2375 Plagis,
405 2332 503 2364 clavis
529 2334 736 2373 cruentatum,

308 2381 423 2414 Totum
447 2382 536 2412 tenet
558 2379 675 2413 vilitas,

842 465 898 497 41.

849 968 906 999 42.

850 1460 909 1493 43.

852 1952 909 1985 44.

921 198 1024 230 Tacet
1046 205 1150 229 sermo
1167 196 1281 229 blandi
1304 194 1381 238 oris,

924 244 1028 277 Silent
1052 245 1151 278 verba
1174 242 1406 284 praeceptoris,

924 291 1124 325 infirmorum
1151 294 1278 323 cessant
1303 299 1408 331 curae,

925 340 989 373 Sed
1014 340 1046 371 in
1072 340 1152 372 hora
1177 339 1288 371 mortis
1315 338 1415 370 durae

972 387 1046 419 Non
1072 386 1209 419 cessavit
1233 386 1361 418 caritas

924 463 1001 496 Cum
1028 465 1153 495 acetum
1180 462 1392 502 degustasses,

925 511 1015 546 Patri
1042 512 1136 551 caput
1160 509 1358 548 inclinasseS,

924 558 1141 598 Exspirando,
1170 557 1272 589 dulcis
1298 556 1381 599 Iesu,

927 606 990 640 Pro
1015 605 1217 644 unius'pomi
1242 613 1297 636 esu

973 653 1112 685 Mortem
1139 652 1241 684 crucis
1266 653 1396 684 toleras.

927 699 1014 740 Opus
1039 700 1169 743 grande,
1198 699 1292 741 forte,
1318 700 1437 740 vivum,

926 747 1015 780 Dans
1041 747 1158 779 amoris
1179 747 1386 787 incentivum,

927 796 1126 828 incentivum
1153 795 1210 826 das
1235 794 1364 836 amoris,

928 842 995 881 Quo
1021 844 1065 884 tu,
1095 843 1181 881 Iesu,
1206 841 1276 874 fons
1303 841 1454 884 dulcoris,

975 890 1102 922 Mentes
1127 889 1186 920 tibi
1212 888 1371 922 foederas.

929 965 998 998 Iam
1026 974 1080 997 cor
1104 973 1208 997 meum
1233 964 1417 1006 ingemisce,

931 1013 1038 1044 Virtus
1063 1022 1135 1045 mea.
1159 1013 1377 1054 contremisce,

928 1060 1147 1093 Lacrimarum
1173 1059 1277 1092 fontes
1303 1058 1413 1100 funde,

926 1107 1059 1150 Plange‚
1086 1109 1198 1147 clama,
1216 1111 1328 1147 pectus
1347 1107 1458 1145 tunde,

976 1154 1061 1187 Dole
1084 1156 1153 1187 sine
1175 1155 1322 1187 termino.

930 1202 1014 1234 Vide
1038 1202 1165 1234 functos
1191 1202 1350 1245 suscitan,

929 1249 1013 1281 Vide
1036 1251 1135 1282 solem
1160 1249 1337 1289 obscurari,

930 1296 1107 1330 Tenebrari
1137 1297 1300 1337 mundum,
1326 1297 1460 1338 caelum,

931 1343 1043 1376 Scindi
1066 1349 1187 1385 petras,
1214 1345 1318 1378 scindi
1344 1345 1448 1377 velum

980 1392 1139 1425 Moriente
1164 1392 1311 1426 Domino.

934 1457 1018 1496 Iesu,
1045 1467 1126 1497 puer
1150 1467 1306 1498 amorose,

931 1505 1008 1539 Flos
1035 1514 1219 1547 camporum
1244 1506 1396 1547 pretiose,

932 1552 1071 1585 Vincens
1095 1554 1202 1585 nivem
1225 1554 1377 1594 liliorum,

932 1600 1006 1632 Tibi
1032 1601 1118 1633 cedit
1138 1601 1194 1632 lux
1220 1602 1391 1642 caelorum,

981 1647 1090 1680 Stellis
1118 1656 1150 1680 es
1176 1648 1359 1689 fulgentior.

933 1695 1018 1728 Rosa
1042 1696 1160 1728 rubens
1185 1697 1255 1729 veri
1279 1697 1372 1737 roris,

934 1742 1011 1774 Flos
1036 1752 1177 1788 amoene,
1204 1743 1263 1776 flos
1290 1745 1424 1787 decoris,

934 1790 1022 1824 Luce
1046 1792 1165 1831 premis
1188 1801 1281 1824 omne
1307 1792 1438 1833 clarum,

935 1837 1039 1870 Solem
1068 1840 1220 1871 damnans
1245 1839 1450 1873 tenebrarum

985 1885 1093 1926 Longe
1117 1887 1302 1925 speciosior.

934 1951 1045 1984 Dulcis
1071 1960 1167 1992 super
1191 1954 1255 1985 mel
1281 1957 1314 1985 et
1338 1952 1457 1996 favum,

936 2000 1037 2032 Amor
1061 1999 1142 2031 nihil
1167 2009 1277 2033 amans
1302 2011 1448 2046 pravum,

937 2046 1058 2079 Dulcor
1082 2048 1200 2090 suavis,
1226 2050 1285 2081 sed
1304 2053 1448 2090 experto,

937 2093 1031 2126 Felix
1055 2095 1122 2137 ille,
1147 2096 1202 2135 qui
1225 2106 1286 2137 pro
1313 2102 1400 2129 certo

984 2141 1138 2182 Experiri
1161 2145 1288 2178 meruit.

938 2189 1128 2230 Degustanti
1155 2191 1266 2224 dulcor
1290 2192 1409 2234 suavus,

939 2237 1003 2271 Sed
1028 2239 1154 2279 ignotus
1181 2240 1278 2271 corde
1302 2241 1422 2281 pravis,

938 2284 1092 2318 Caritatis
1118 2286 1230 2319 dulcor
1253 2287 1364 2327 mirus,

938 2333 1038 2365 Omne
1061 2334 1174 2366 mortis
1197 2343 1313 2367 sanans
1338 2336 1438 2377 virus,

986 2381 1077 2421 Quod
1101 2391 1140 2415 ex
1164 2382 1270 2414 Adam
1294 2382 1437 2424 profluit.
