1653 2608
137 191 193 226 59.

131 526 188 558 60.

134 849 190 884 61.

130 1176 184 1209 62.

124 1499 181 1533 63.

123 1829 178 1862 64.

663 103 898 139 -81-

217 192 359 227 Matrem
368 196 513 237 posthoc
521 201 753 242 contemplatus

267 241 476 276 Commendat
500 246 658 288 discipulo

217 289 357 324 Dicens:
383 291 479 335 Ecce,
503 296 577 327 tuus
601 299 706 339 natm,

266 337 365 376 Quem
389 340 509 380 pavisti
533 344 649 383 poculo

218 383 338 428 Laetis,
365 388 429 419 iam
455 391 505 420 est
528 390 600 422 neci
626 391 718 423 datus

262 432 328 466 Pro
354 434 509 468 salvando
535 438 673 472 saeculo.

215 526 304 568 Heli,
329 531 441 568 pater!
470 530 555 562 circa
580 541 697 564 nonam

265 575 390 609 Clamat
413 586 492 609 voce
516 579 664 620 maxima,

217 622 300 663 Quid
326 624 457 656 relictus
480 635 550 657 sum
568 630 600 658 et
617 635 752 667 quonam

264 672 321 703 Me
346 671 495 704 vertam?
522 674 702 716 durissima,

216 717 278 760 En,
288 727 365 751 crux
372 721 561 761 premit,sed
568 731 751 763 meponam,

264 766 310 799 Ut
334 768 394 799 sim
418 768 530 801 mundi
555 770 693 804 victima.

216 850 319 884 Morti
344 854 511 894 proximus
536 856 688 889 clamavit,

262 900 388 934 Auctor
412 903 528 936 saecli:
556 903 646 937 Sitio.

216 946 354 986 Quidam
379 950 514 990 spongia
538 951 664 991 potavit

261 995 345 1028 Eum
371 1005 446 1029 mox
470 998 503 1029 in
526 999 600 1031 odio

212 1043 326 1087 Aceto‚
353 1045 437 1085 quod
463 1048 538 1077 ante
563 1046 670 1079 David

261 1091 371 1132 Inquit
394 1091 428 1123 in
453 1093 616 1133 psalterio.

213 1176 293 1209 Cum
317 1178 352 1210 in
377 1186 414 1210 eo
438 1178 503 1210 iam
526 1179 660 1220 impleta

263 1226 499 1266 Prophetarum
524 1228 666 1260 carmina

213 1272 365 1305 Fuissent
389 1276 485 1314 atque
511 1275 618 1308 deleta

260 1320 356 1353 Orbis
381 1319 478 1354 foeda
503 1322 646 1364 crimina,

214 1367 345 1411 Cuncta,
364 1369 478 1412 inquit,
498 1373 573 1402 sunt
589 1372 748 1412 completa

257 1416 303 1448 Et
327 1417 492 1449 destructa
516 1418 655 1452 numina.

208 1501 295 1534 Voce
322 1511 437 1543 magna
460 1505 537 1544 post
560 1504 728 1538 clamavit:

254 1550 364 1591 Pater,
390 1550 495 1583 reddo
519 1552 669 1592 spiritum

206 1596 316 1629 Meum
342 1598 412 1638 tibi,
438 1607 532 1639 quem
557 1599 697 1643 efflavit;

254 1645 333 1678 Mox
359 1646 427 1679 eius
450 1646 617 1681 interitum

208 1693 312 1728 Terra
335 1695 455 1736 tremit,
483 1699 516 1727 et
540 1697 588 1729 sol
613 1699 714 1740 pavit,

255 1743 346 1783 Quod
370 1744 397 1776 it
421 1752 457 1775 se
481 1744 715 1780 absconditum.

205 1828 308 1863 Latus
334 1830 401 1863 eius
427 1830 590 1864 lanceavit

253 1878 344 1911 Unus
371 1880 403 1911 et
428 1877 499 1910 fons
525 1880 690 1921 sanguinis

203 1925 248 1958 Et
273 1936 376 1968 aquae
400 1927 589 1967 evaporavit

260 1975 387 2017 Statim,
415 1975 470 2015 qui
497 1976 678 2009 dulcedinis

202 2022 270 2056 Dat
295 2024 439 2066 copiam;
466 2024 521 2064 qui
547 2026 676 2066 amavit,

251 2072 321 2105 Scit
346 2073 410 2105 vim
435 2071 528 2105 huius
553 2071 703 2109 fluminis

118 2159 173 2192 65.
197 2159 317 2199 Ioseph
342 2157 456 2191 adiens
483 2158 633 2200 Pilatum,

249 2206 378 2239 Nobilis
406 2205 552 2245 decurio,

205 2254 331 2296 Corpus
356 2253 501 2295 postulat
524 2254 653 2287 beatum

249 2304 325 2337 Iesu
350 2306 383 2334 et
408 2301 538 2333 sudario

199 2351 343 2386 Involvit
367 2349 584 2383 exanimatum

245 2400 364 2433 Lotum
389 2399 485 2439 atque
509 2396 618 2440 fluvio,

155 2460 273 2488 Blunm,
290 2459 335 2485 Pia
348 2458 494 2483 Dictamina.
523 2457 566 2482 1v.

826 204 880 237 66.

824 535 879 569 67.

821 858 877 892 68.

820 1183 874 1215 69.

817 1506 872 1538 70.

816 1832 870 1864 71.

812 2160 867 2192 72.

908 202 1080 243 Speciebus
1106 205 1137 234 et
1161 204 1322 237 conditum

954 250 1093 291 Reponit
1116 251 1149 282 in
1174 253 1295 284 tumulo

904 299 1000 331 quta.
1024 298 1126 340 gentis
1151 308 1227 331 suae
1252 300 1347 331 ritum

955 345 1033 379 Cum
1057 347 1211 378 maeroris
1238 348 1373 388 cumulo,

905 393 996 433 Quod
1020 394 1046 426 it
1069 393 1160 425 miles
1186 395 1388 435 custoditum,

952 441 1003 473 Ne
1026 441 1159 474 tollatur
1183 442 1337 476 clanculo.

907 535 985 568 Cum
1011 536 1127 569 vexillo
1152 537 1340 577 trIumphali

953 585 1064 618 Crucis
1089 593 1162 616 mox
1185 585 1365 625 ingreditur

904 630 1080 671 infernum,
1107 634 1139 663 et
1162 634 1303 664 tremunt
1325 633 1402 664 mali

953 678 1102 719 SpirituS‚
1129 680 1213 719 quod
1239 680 1363 720 rapitur

906 727 1032 758 Praeda
1058 729 1182 758 vetusta
1208 728 1240 760 vi
1265 728 1333 767 tali,

950 773 995 805 Et
1019 782 1129 806 career
1155 774 1376 816 confringitur.

903 857 985 891 Suos
1009 868 1050 891 ex
1073 867 1192 892 averno
1216 863 1326 900 raptos

951 906 1106 939 Paradiso
1130 906 1250 947 intulit,

904 953 988 992 Quos
1013 955 1054 986 ad
1080 953 1140 985 hoc
1165 953 1269 986 effecit
1290 958 1381 995 aptos

952 1001 1072 1041 Passio,
1099 1010 1193 1041 quam
1218 1003 1352 1041 pertulit

901 1049 940 1081 ln
966 1057 1069 1090 cruce,
1101 1057 1179 1088 quos
1204 1049 1298 1082 Adae
1324 1053 1433 1090 captos

951 1097 1077 1130 Crimen
1099 1096 1177 1127 illuc
1203 1096 1336 1138 depulit.

901 1182 1013 1214 Tertia
1037 1182 1177 1214 surrexit
1203 1182 1255 1214 die

948 1229 1124 1262 Resumens
1149 1238 1219 1261 cum
1245 1230 1348 1270 gloria

902 1277 1034 1318 Corpus,
1062 1276 1147 1316 quod
1172 1279 1284 1309 venter
1308 1278 1433 1311 Mariae

949 1325 1045 1357 Salva
1070 1324 1227 1363 pudicitia

899 1371 1009 1412 Fudit,
1037 1375 1069 1403 et
1092 1372 1145 1403 hic
1169 1372 1258 1404 cibus
1286 1373 1356 1405 viae

946 1419 1008 1451 Est
1037 1422 1068 1451 et
1092 1419 1195 1459 patris
1220 1420 1334 1454 hostia.

900 1504 983 1537 Suae
1007 1504 1250 1537 resurrectionis

946 1553 1047 1586 Plura
1073 1552 1130 1585 dat
1151 1553 1274 1585 indicia

899 1601 1097 1644 Monstrans,
1114 1600 1199 1640 quod
1218 1601 1432 1641 corruptionis

946 1649 1017 1681 Non
1044 1648 1129 1680 foret
1153 1648 1291 1680 obnoxia

899 1696 992 1739 Caro,
1020 1705 1101 1737 quae
1127 1696 1324 1737 contagionis

947 1744 1045 1777 Nulla
1070 1744 1171 1776 traxit
1195 1744 1283 1777 vitia.

897 1831 1432 1865 Terratremenshancmonstravit

944 1879 988 1912 Et
1013 1888 1084 1912 cum
1107 1879 1180 1911 luce
1203 1879 1334 1911 veniens

897 1927 1050 1968 Angelus,
1078 1927 1133 1968 qui
1158 1928 1376 1960 consternavit

946 1975 1102 2009 Custodes
1128 1975 1277 2015 aperiens

895 2024 1061 2068 Tumbam‚
1082 2032 1175 2063 quam
1193 2032 1256 2055 non
1273 2023 1430 2056 reseravit

943 2071 1098 2104 Dominus
1126 2071 1304 2112 egrediens.

894 2158 1108 2200 Magdalenae
1133 2157 1316 2198 propalavit

940 2206 1059 2239 Vivere
1083 2213 1119 2237 se
1143 2205 1303 2245 primitus,

894 2254 1020 2287 Dehinc
1044 2254 1153 2294 Petro,
1180 2252 1234 2292 qui
1258 2253 1397 2293 negavit,

941 2302 1065 2335 Noxam
1094 2301 1215 2332 donans
1240 2301 1379 2341 penitus,

893 2350 1016 2383 Ceteris
1041 2352 1126 2390 post,
1150 2356 1228 2388 quos
1253 2347 1388 2382 adflavit

937 2399 1024 2431 Rore
1048 2395 1150 2429 sancti
1173 2395 1316 2435 spiritus,
