1651 2606
681 123 939 158 -110-

173 228 203 260 5.
228 227 345 259 Sancta
371 236 454 267 caro,
481 229 516 258 tu
540 234 590 257 me
614 222 742 262 munda,
851 223 882 255 7.
909 222 967 259 Tu,
994 222 1048 262 qui
1074 230 1107 253 es
1132 220 1244 253 salutis
1269 221 1393 261 portus,

228 274 396 315 Sanguinis
420 274 556 314 benigna
578 272 674 312 unda,
907 270 1043 302 Praesta
1071 268 1149 300 mihi
1173 271 1262 299 tuum
1288 276 1414 310 corpus,

227 322 316 354 Lava
338 330 389 353 me
413 322 452 353 ab
478 320 562 352 omni
586 318 682 351 sorde
908 317 947 349 In
972 317 1059 348 exitu
1084 324 1174 348 meae
1198 315 1332 354 mortis3

227 369 271 401 Et
293 369 333 401 ab
358 368 508 400 infernali
531 368 644 399 morte.
907 364 1028 396 Libera
1052 372 1112 403 me,
1137 362 1226 396 Deus
1251 362 1356 406 fortis,

171 426 202 458 6.
228 427 355 466 Frange
378 434 464 457 meos
488 424 642 463 11111111005,
849 422 880 454 8.
905 422 936 454 A
961 421 1053 453 leone
1078 421 1223 461 rugiente

228 474 296 506 Fac
319 473 397 504 mihi
422 481 475 504 eos
500 471 618 503 amicos
908 469 954 502 Et
979 469 1117 501 dracone
1140 467 1297 508 furiente3

229 521 298 553 Nec
321 529 383 552 non
409 522 442 551 et
465 518 581 550 fastum
608 526 715 549 eorum
910 516 1024 549 Sedem
1052 517 1094 549 da
1117 516 1196 548 mihi
1220 516 1377 548 iustorum

228 568 374 607 Destrue,
401 575 458 598 rex
482 566 676 606 angelorum.
911 564 1045 597 Saecula
1069 573 1129 604 per
1150 564 1361 597 saeculorum.

234 642 353 670 Collect.
380 650 432 669 ms.
459 641 640 668 Benedictin.
667 648 742 668 saec.
773 638 816 667 14.
844 641 885 667 in.
930 640 999 668 Cod.
1026 640 1121 668 Palat.
1150 639 1354 667 Vindobonen.
1385 637 1467 667 1054.

157 678 216 713 (Du
239 681 276 708 Ha
287 700 293 705 .
314 680 434 715 gehiirte
454 680 546 707 einem
563 678 657 713 Stifte,
679 679 784 706 dessen
796 678 906 706 Kirche
925 676 982 705 974
1001 678 1129 713 geweiht
1145 676 1265 712 wurde.)
1277 678 1312 705 A.
1325 692 1365 696 -—
1378 678 1465 705 Brev.

155 726 208 745 ms.
222 718 428 746 Arremarense
442 725 518 744 saec.
534 715 578 744 15.
607 716 675 744 Cod.
690 717 818 744 Parisin.
832 714 907 744 1063
921 717 955 744 Β.
970 730 1003 735 —
1019 717 1102 744 Miss.
1115 725 1170 743 ms.
1182 716 1317 744 Garsten.
1333 724 1409 743 5300.
1423 713 1467 743 12.

157 755 221 782 add.
236 764 311 783 saec.
328 753 371 782 14.
399 754 468 782 Cod.
483 755 604 782 Lineen.
625 755 653 781 Γ
670 763 686 782 0
708 752 753 782 15.
769 753 800 781 C.
820 768 859 772 —
880 752 949 782 God.
964 754 1005 781 St.
1020 755 1101 782 Petri
1114 754 1315 790 Salisburgen.
1333 762 1352 781 a
1364 754 1408 781 VI
1420 751 1466 782 35.

155 801 229 820 5300.
251 792 295 821 15.
315 794 353 821 D.

232 831 288 859 Str.
317 829 332 858 1
361 831 422 858 und
447 829 465 857 2
492 831 589 858 fehlen
616 829 652 866 C,
678 830 847 867 umgestellt.
870 830 903 857 B.
932 845 968 849 —
995 828 1027 864 1,
1048 828 1066 858 3
1091 830 1180 858 Panis
1205 831 1292 857 vivus
1314 831 1352 865 B,
1373 828 1409 857 D.
1430 846 1469 850 —

158 867 189 902 1,
209 867 228 897 4
247 870 319 897 Vita
345 878 411 905 spes
431 870 456 897 B
463 878 470 905 3
499 869 572 905 Spes
596 871 626 896 et
643 869 723 896 salus
744 868 925 896 infirmorum
945 869 982 896 D.
1005 882 1039 887 —-
1062 866 1092 903 2,
1115 867 1130 895 1
1147 868 1211 895 Ave
1231 876 1336 904 corpus
1358 868 1469 895 Christi

155 907 189 934 B.
210 921 247 926 --
267 905 302 941 2,
324 906 342 934 2
366 907 455 935 030115
477 907 511 934 Β.
530 921 569 926 —
588 905 614 941 2,
636 905 654 935 3
673 907 784 935 Nostra
801 906 903 933 mundi
943 915 975 934 ro
997 906 1093 934 salute
1112 907 1152 941 Β,
1173 904 1199 937 2,
1220 904 1238 934 3
1259 915 1302 942 sq.
1321 906 1469 942 Populum

157 947 190 972 tu
214 946 363 973 redemisti
382 946 461 973 Dum
486 946 518 972 in
543 954 626 973 cruce
652 945 819 981 pependisti
837 942 896 980 (cfr.
951 965 958 979 ,
979 942 997 972 3
1025 943 1079 980 sq.)
1098 945 1134 972 D.
1155 958 1194 963 —
1213 943 1270 971 Str.
1292 942 1310 972 3
1329 945 1390 971 und
1410 944 1469 972 alle

155 982 310 1018 folgenden
335 983 432 1011 fehlen
450 984 488 1011 D.
509 999 547 1003 —
565 981 592 1017 3,
615 982 629 1011 1
651 985 754 1010 sancta
773 991 839 1010 caro
858 983 892 1017 Β,
914 982 945 1010 C.
966 997 1003 1001 —
1023 980 1049 1012 3,
1073 981 1091 1009 2
1110 983 1167 1010 Ρο1·
1187 984 1216 1010 te
1237 982 1269 1009 B.
1288 997 1328 1001 -
1346 980 1373 1015 4,
1393 981 1414 1009 4
1433 982 1468 1010 de

157 1029 242 1056 pomo
265 1021 295 1049 C.
322 1035 360 1039 —
385 1020 411 1055 5,
435 1019 449 1048 1
470 1023 503 1048 tu
522 1030 569 1048 me
588 1021 672 1048 salva
692 1021 723 1049 C.
746 1036 783 1040 —
802 1020 829 1054 5,
853 1019 871 1047 2
891 1020 1019 1056 Sanguis
1040 1023 1069 1048 et
1089 1021 1217 1056 benigna
1238 1020 1273 1047 A.
1295 1034 1332 1039 -
1353 1020 1467 1048 Sacrati

157 1060 310 1093 sanguinis
330 1059 410 1086 unda
428 1059 462 1086 B.
482 1073 519 1078 —
539 1059 600 1087 Vor
621 1057 647 1093 6,
672 1057 686 1086 1
710 1059 825 1087 sehiebt
844 1059 867 1087 C
887 1060 950 1086 ein:

382 1106 439 1133 Per
458 1109 538 1133 tuam
559 1109 690 1134 sanctam
711 1114 813 1142 pacem
833 1107 922 1134 Dona
940 1106 1014 1133 mihi
1035 1107 1200 1140 sanitatem,

383 1144 441 1171 Per
460 1147 541 1171 tuam
563 1145 773 1181 benignitatem
798 1146 883 1172 Dona
902 1145 1135 1181 prosperitatem.

234 1186 374 1225 Ahnlieh,
401 1192 471 1219 aber
495 1201 551 1219 nur
576 1190 594 1219 2
613 1193 718 1229 Verse,
743 1192 785 1219 A:
812 1192 858 1219 Ac
882 1201 934 1228 per
953 1194 1033 1219 tuam
1053 1193 1185 1219 sanctam
1204 1200 1307 1227 pacem
1326 1192 1374 1219 Da
1393 1192 1467 1219 mihi

157 1231 392 1266 prosperitatem3
419 1231 526 1258 ebenso
540 1231 565 1257 B
584 1239 638 1258 vor
658 1230 685 1263 ’7,
702 1229 716 1257 1
737 1232 793 1257 mit
811 1230 862 1257 der
876 1231 1033 1257 Variante:
1055 1230 1097 1256 Et
1115 1239 1166 1265 per
1185 1232 1266 1257 tuam
1281 1231 1467 1257 sanctitatem

157 1269 210 1294 etc.
233 1282 266 1286 —
288 1265 314 1301 6,
337 1266 352 1294 1
374 1268 464 1295 Placa
479 1269 513 1296 B.
536 1283 569 1287 —-
592 1267 617 1301 6,
632 1266 650 1295 2
663 1268 705 1295 Et
722 1268 769 1295 fac
781 1269 821 1303 Α,
841 1268 883 1296 Et
902 1276 952 1295 eos
971 1268 1045 1295 mihi
1064 1268 1111 1295 fac
1125 1268 1156 1295 C.
1176 1283 1215 1287 —
1236 1266 1261 1301 6,
1276 1265 1294 1296 3
1307 1268 1349 1295 Et
1367 1277 1467 1304 super-

157 1305 238 1333 biam
258 1314 358 1333 eorum
377 1306 415 1339 B,
438 1305 468 1333 O.
489 1320 526 1324 —
547 1304 573 1339 6,
593 1304 613 1333 4
631 1307 678 1334 Tu
697 1307 814 1333 destrue
833 1306 867 1333 A.
888 1322 927 1326 —
947 1305 973 1339 7,
994 1304 1012 1332 2
1032 1307 1121 1333 1)0113
1142 1306 1215 1333 1111111
1237 1306 1268 1334 C.
1287 1321 1327 1326 —-
1346 1305 1372 1339 7,
1393 1304 1411 1334 3
1432 1307 1468 1334 In

158 1345 284 1371 extremo
307 1343 337 1371 C.
364 1358 404 1362 —
427 1343 461 1379 7,
481 1342 502 1371 4
521 1344 613 1372 Salva
638 1353 685 1371 me
704 1346 737 1371 tu
757 1344 789 1372 C.
809 1358 846 1362 ——
867 1342 893 1377 8,
915 1342 933 1370 2
952 1344 978 1371 Α
998 1344 1124 1371 dracone
1145 1343 1182 1380 Ο,
1204 1345 1355 1372 saeviente
1374 1344 1407 1372 A.
1430 1359 1469 1363 —

156 1380 240 1408 Naeh
264 1379 294 1415 8,
315 1379 333 1408 2
358 1381 472 1409 schiebt
490 1382 514 1409 B
536 1383 596 1409 ein:
619 1382 660 1409 Et
687 1383 724 1410 ab
750 1382 888 1409 infernali
911 1384 1005 1409 morte
1031 1393 1071 1403 =
1095 1380 1122 1415 5,
1142 1380 1170 1409 4.
1192 1396 1228 1401 —
1247 1380 1273 1416 8,
1295 1380 1313 1410 3
1335 1382 1469 1410 Concede

156 1418 254 1491 ῗεξᾱεῐέι
281 1421 423 1490 ᾗῑῗεΐέῑηξ
444 1420 485 1454 Α,
509 1420 566 1484 Dal
583 1420 656 1447 mihi
674 1420 778 1485 1Ξ11οᾱ0111
798 1421 832 1485 1133
854 1434 890 1438 —
910 1417 942 1454 8,
963 1418 983 1447 4
1003 1420 1061 1454 Qui
1076 1428 1181 1456 regnas
1203 1420 1275 1447 deus
1296 1420 1468 1455 angelorum

167 1464 216 1482 cr.
255 1477 262 1490 ,
364 1466 371 1493 ·,
417 1465 447 1484 er
468 1465 587 1484 saecua
606 1466 673 1485 saec
707 1466 790 1485 orum
834 1478 841 1484 .

593 1549 655 1581 102.
686 1549 730 1581 De
751 1549 885 1590 Corpore
906 1549 1031 1581 Christi.

170 1617 200 1650 1.
228 1618 331 1659 Salve,
360 1619 489 1651 verbum
513 1619 722 1661 incarnatum,
851 1622 883 1653 5.
910 1621 1015 1662 Salve,
1043 1621 1126 1662 Iesu,
1153 1620 1198 1652 fili
1224 1621 1296 1661 Dei,

230 1666 293 1697 Hic
317 1666 350 1697 in
375 1676 431 1699 ara
456 1670 673 1698 consecratum
908 1668 991 1700 Tota
1016 1669 1102 1700 salus
1127 1677 1216 1700 meae
1241 1669 1321 1709 spei,

228 1713 273 1744 Et
297 1723 354 1754 pro
379 1714 470 1745 nobis
495 1714 701 1748 immolatum.
905 1716 1006 1756 Rogo,
1031 1717 1184 1748 miserere
1207 1717 1279 1749 mei.

171 1770 201 1800 2.
228 1769 331 1813 Salve,
358 1771 451 1810 panis
477 1771 671 1812 angelorum,
851 1773 882 1806 6.
909 1773 1009 1813 Rogo,
1036 1772 1090 1805 fac
1114 1782 1165 1805 me
1190 1774 1385 1805 manducare

229 1817 330 1860 Salve,
359 1818 447 1850 cibus
474 1819 655 1863 electorum,
909 1821 1043 1854 Carnem
1069 1824 1166 1862 tuam,
1193 1831 1255 1861 qua
1276 1822 1434 1853 mundare

228 1864 340 1896 Dulcis
366 1870 475 1906 gustus
501 1875 720 1906 supernorum.
907 1867 962 1899 Me
989 1869 1130 1909 digneris
1157 1872 1190 1900 et
1213 1878 1338 1900 sanare.

172 1920 203 1952 3.
231 1921 335 1961 Salve,
363 1931 436 1953 caro
462 1923 535 1954 Iesu
561 1923 691 1963 Christi,
852 1925 883 1957 7.
910 1924 960 1956 Sis
986 1925 1141 1957 virtutum
1166 1926 1410 1967 incrementum,

228 1969 315 2008 Quae
341 1969 381 2001 de
404 1973 507 2001 morte
531 1971 705 2011 redemisti,
907 1971 1065 2003 Vitiorum
1090 1976 1344 2014 purgamentum,

229 2017 311 2056 Quos
336 2017 368 2048 in
393 2015 456 2048 fine
482 2017 631 2049 dilexisti.
910 2018 1029 2051 Contra
1052 2020 1159 2052 hostes
1184 2020 1429 2055 firmamentum.

170 2073 202 2104 4.
229 2073 334 2112 Salve,
360 2074 486 2114 sanguis
511 2074 661 2114 pretiose,
853 2078 884 2109 8.
911 2077 1045 2108 Praesta
1067 2077 1145 2109 mihi
1170 2087 1279 2111 veram
1305 2088 1427 2120 pacem,

228 2120 328 2160 Rogo,
353 2121 427 2153 lava
452 2122 588 2162 copiose,
912 2123 1036 2164 Carnis,
1061 2127 1177 2157 mentis
1203 2127 1381 2164 sanitatem,

231 2168 319 2208 Quod
347 2169 488 2200 commisi
513 2169 637 2202 vitiose.
913 2171 1011 2203 Panis
1036 2173 1122 2205 vitae
1147 2174 1347 2207 suavitatem.

512 2228 544 2259 9.
570 2227 616 2258 Et
641 2227 683 2259 da
706 2228 786 2259 mihi
809 2237 936 2260 sensum
960 2238 1083 2269 purum,

569 2273 636 2306 Fac
659 2275 693 2307 in
716 2278 819 2307 morte
842 2285 895 2308 me
918 2285 1074 2320 securum,

569 2323 648 2354 Post
671 2322 754 2355 hane
778 2323 875 2355 vitam
901 2324 1093 2358 intraturum

617 2370 655 2401 ln
682 2371 819 2405 caeleste
842 2372 1003 2412 gaudium.

237 2424 307 2453 Cod.
327 2426 503 2453 Lambacen.
523 2423 589 2454 463.
611 2434 685 2456 saec.
708 2425 751 2454 14.
