1651 2606
681 64 929 99 -148—

169 165 201 197 3.
228 164 400 206 Consignat
427 166 506 199 haec
530 163 681 206 mysteria

273 212 336 245 Sub
361 221 490 245 numero
516 213 639 244 sacrato

227 259 303 293 Dies
329 260 580 300 quadragenaria

274 309 320 340 Te
345 307 425 340 benc
448 307 613 347 subiugato

272 355 422 395 Decalogi
447 354 605 395 mandato,

226 402 315 442 Quod
340 403 498 441 quadrant
523 399 695 440 evangelia,

226 450 271 482 Ut
294 448 488 490 septiformis
513 446 615 488 gratia

271 497 340 529 Stet
363 496 395 528 in
420 498 452 527 te
476 496 559 536 pede
582 496 662 527 rato.

193 597 199 603 .
226 572 363 604 Verbum
389 572 490 611 patris
514 581 533 603 a
557 570 679 611 virgine

273 619 355 651 Dum
379 618 464 659 patri
489 621 721 658 praesentatur,

226 666 269 699 Ut
292 666 428 698 hominis
453 666 492 698 ab
517 666 644 698 homine

271 714 466 753 Redemptor
490 714 675 754 redimatur,

270 762 333 794 Per
360 761 419 793 hoc
442 761 629 801 insinuatur,

225 808 269 841 Ut
290 818 358 840 cum
382 809 416 840 in
441 811 494 840 tuo
518 808 645 841 nomine

221 856 276 887 Fit
301 856 415 889 bonum
440 865 531 897 opus,
555 856 701 899 Domine,

270 903 343 936 Tibi
366 904 435 936 laus
462 904 650 938 ascribatur.

846 161 877 194 5.
904 159 1020 192 Oblata
1043 159 1122 200 legis
1148 159 1304 195 redditur,

953 206 1030 240 Cum
1041 215 1095 238 cor
1104 206 1240 247 simplex
1250 209 1283 237 et
1290 207 1457 247 maestum,

902 254 967 286 Par
993 254 1210 286 columbarum
1233 254 1366 295 geritur,

949 301 1003 334 Ad
1028 300 1134 333 omnia
1157 302 1346 342 modestum,

949 349 1088 382 Vincens
1118 357 1210 381 omne
1232 350 1410 389 molestum,

903 398 966 430 Par
991 398 1148 429 turturum
1173 396 1321 439 adicitur,

903 445 982 478 Cum
1008 444 1152 476 caritatis
1178 445 1330 485 sequitur,

950 492 1015 526 Sed
1041 492 1145 524 carnis
1171 491 1263 534 fugat
1288 495 1423 525 aestum.

867 595 875 603 .
902 569 1045 610 Quinque
1070 569 1157 602 siclis
1182 569 1352 602 redimitur

951 617 1076 651 Oblatio
1096 617 1219 660 legalis,

902 665 1033 704 Quando
1059 674 1169 697 sensus
1195 665 1352 698 subicitur

950 713 1085 753 Spiritui
1112 713 1259 753 carnalis,

950 761 996 793 Ut
1024 759 1080 792 fiat
1104 760 1271 803 spiritalis,

902 809 956 841 Sic
980 817 1055 839 suus
1079 808 1149 840 Deo
1175 808 1311 841 solvitur

898 857 1041 896 Regique
1065 865 1196 897 regnum
1222 856 1371 889 redditur

949 904 1110 937 Denarius
1137 904 1263 944 regalis.

501 981 531 1013 7.
559 979 613 1013 Sic
636 980 727 1012 bonis
751 983 878 1021 tergens
904 981 1027 1013 actibus

610 1028 700 1060 Vitae
726 1027 960 1068 corruptionem

560 1075 656 1108 Velut
680 1084 775 1116 apum
800 1075 950 1115 operibus

606 1122 748 1163 Stuppae
773 1123 1007 1165 collectionem,

605 1170 659 1202 Ad
684 1170 772 1210 pacis
798 1170 953 1203 visionem

560 1218 717 1250 Procedes
744 1226 814 1249 cum
838 1219 1019 1261 luminibus,

561 1265 723 1299 Christum
746 1269 879 1305 portans
902 1266 934 1297 in
961 1266 1107 1298 manibus

609 1312 812 1353 Sequensque
837 1313 1024 1345 Simeonem.

227 1386 295 1414 Cod.
318 1387 480 1414 Londinen.
499 1386 599 1423 (Liber
622 1386 767 1423 cistercii)
785 1389 858 1416 Add.
885 1386 990 1416 15722.
1011 1397 1086 1417 saec.
1109 1386 1183 1417 ¹2lia.

569 1517 623 1550 151.
653 1518 696 1549 De
718 1517 932 1558 compassione
952 1517 1040 1549 BltsV.

191 1631 197 1637 .
225 1606 250 1639 O
275 1606 388 1649 Maria,
415 1609 517 1639 mater
544 1607 672 1647 Christi,

224 1654 320 1692 Quem
346 1654 486 1686 dolorem
511 1654 659 1693 habuisti,

226 1701 304 1733 Cum
327 1701 361 1733 in
387 1710 479 1734 cruce
505 1702 698 1742 conspexisti

272 1748 521 1789 Contemplando
547 1749 663 1782 filium!

223 1795 290 1827 Fac
315 1804 365 1827 me
389 1800 494 1829 tecum
518 1797 687 1830 condolere

223 1843 269 1875 Et
296 1844 335 1876 de
362 1843 486 1876 Christo
510 1853 636 1885 semper
658 1843 746 1885 flere,

224 1891 283 1930 Qui
309 1893 358 1923 est
381 1900 494 1931 passus
518 1902 577 1932 pro
603 1901 653 1923 me
679 1901 752 1925 vere

270 1939 400 1971 Peccati
423 1939 611 1979 patibulum.

190 2040 198 2048 .
224 2015 306 2047 Tota
329 2023 398 2047 eras
426 2015 572 2048 dolorosa

222 2063 267 2094 Et
290 2062 439 2103 plorabas
464 2062 643 2104 lacrimosa,

226 2110 320 2142 Velut
350 2110 446 2142 nubes
471 2111 616 2150 pluviosa

275 2159 363 2191 Dans
389 2157 494 2191 cordis
519 2158 698 2200 suspirium,

227 2206 308 2245 Quia
331 2206 487 2246 Christus,
512 2209 584 2238 tuus
607 2209 711 2248 natus,

224 2253 332 2293 Spinis
357 2257 426 2286 erat
451 2257 617 2288 coronatus

223 2301 267 2333 Et
297 2302 409 2335 irrisus
436 2305 467 2334 et
492 2302 614 2334 velatus

270 2350 309 2382 In
335 2352 505 2391 conspectu
529 2349 700 2386 hominum,

845 1608 877 1642 3.
902 1609 1015 1640 Vultus
1040 1609 1106 1640 eius
1131 1609 1286 1649 gloriosus

902 1656 947 1688 Et
973 1657 1087 1688 decore
1112 1657 1275 1695 speciosus

903 1703 985 1736 Erat
1009 1705 1112 1744 turpis
1139 1707 1171 1735 et
1195 1705 1317 1737 lutosus

951 1751 1059 1792 Sputis
1084 1751 1272 1792 infidelium,

905 1798 1027 1839 Corpus
1052 1799 1120 1831 eius
1145 1800 1353 1833 candidatum

905 1847 1020 1878 Totum
1046 1851 1115 1879 erat
1140 1848 1351 1890 denigratum,

905 1894 984 1933 Quia
1008 1893 1070 1925 fuit
1091 1894 1289 1934 flagellatum

950 1941 1101 1974 Manibus
1129 1944 1315 1977 crudelium.

872 2044 879 2050 .
904 2018 1001 2057 Quem
1023 2020 1068 2059 tu,
1094 2020 1194 2059 virgo,
1223 2020 1298 2052 dum
1323 2022 1441 2065 vidisti,

904 2067 987 2099 Prae
1012 2066 1123 2099 dolore
1149 2066 1309 2111 defecisti,

907 2113 971 2146 Sed
995 2122 1054 2145 nec
1078 2115 1164 2156 loqui
1189 2116 1323 2155 potuisti

952 2162 1016 2194 Per
1042 2163 1148 2195 cordis
1172 2164 1380 2205 martyrium3

906 2210 1013 2243 Corde
1036 2219 1113 2243 vero
1136 2213 1174 2242 tu
1200 2211 1331 2244 dolebas

904 2257 948 2289 Et
973 2267 1082 2291 amare
1105 2258 1200 2290 nimis
1224 2258 1325 2291 flebas

905 2306 1043 2346 Propter
1067 2309 1185 2345 natum,
1213 2315 1306 2347 quem
1328 2308 1461 2342 videbas

952 2353 1164 2387 Verberatum
1189 2355 1331 2389 nimium.
