1651 2606
743 132 1000 171 ——103‘

634 236 674 268 91.
707 239 750 269 De
768 238 1008 271 Resurrectione
1028 239 1061 269 D.
1078 238 1111 270 N.

228 317 259 349 1.
285 316 410 357 Corpus
434 316 636 350 innocentiae

333 366 427 397 datur
451 368 666 407 monumento,

284 411 475 453 Sepulturae
499 413 639 446 traditur

332 460 441 493 debito
465 462 605 494 lamento

280 508 492 541 Humiliatum
517 508 648 541 nimium

330 556 443 588 mortis
467 557 501 589 in
524 558 693 596 tormento,

283 603 348 636 Sed
372 604 452 635 haec
477 606 591 636 cuncta
615 603 723 635 tristia

332 654 500 684 vertuntur
524 651 556 682 in
582 654 752 684 momento.

739 714 759 735 »ιι

227 798 258 829 3.
287 795 524 836 Gentuplicavit
548 794 665 835 gaudia

327 844 362 876 111
387 842 491 876 forma
511 842 651 882 deitatis,

282 891 408 924 Oblitus
434 893 483 923 est
504 890 681 930 praeterita

330 938 435 971 carnis
459 936 666 978 infirmitatis,

281 986 423 1020 Vestivit
445 995 481 1017 se
503 984 678 1017 honoribus

330 1034 427 1066 totius
454 1033 628 1073 diguitatis.

913 322 943 352 2.
968 319 1046 352 Cum
1073 318 1147 352 diva
1170 318 1329 360 sapientia

1019 366 1121 399 emisit
1150 375 1234 400 nova
1255 367 1363 407 mella,

969 413 1144 447 Effundens
1168 414 1259 447 nobis
1287 414 1393 447 dulcia

1021 462 1061 494 de
1086 462 1191 495 cordis
1216 462 1265 494 sui
1291 461 1382 503 cella,

972 509 1057 542 Dum
1080 512 1155 550 post
1178 512 1310 550 peracta
1334 510 1458 550 proelia

1020 560 1052 588 et
1075 557 1203 589 virtutis
1228 556 1321 600 bella,

972 604 1089 645 Virago
1114 605 1177 636 ista
1200 605 1316 637 meruit

1020 655 1193 691 praeconia
1216 653 1353 685 novella.

977 715 998 735 >k

914 797 947 828 4.
972 794 1041 828 Iam
1065 805 1128 827 non
1153 795 1187 827 in
1212 795 1363 827 memoria

1017 846 1110 875 erunt
1135 839 1241 886 [nunc]
1268 843 1388 884 priora,

968 889 1064 930 Ecce,
1089 898 1172 922 nova
1197 891 1303 922 omnia

1016 939 1048 968 et
1071 937 1269 977 iucundiora,

968 984 1053 1017 Dum
1077 984 1212 1017 meliora
1235 984 1379 1024 suscipit,

1017 1033 1049 1062 et
1077 1040 1171 1071 quam
1192 1031 1341 1063 meliora!

569 1099 601 1131 5.
628 1097 804 1130 Vulnerum
831 1097 1000 1130 diversitas

677 1145 818 1188 duplicia
842 1146 992 1188 suscepit,

624 1193 709 1225 Dum
733 1192 785 1225 hic
809 1192 1037 1225 honorificatus

673 1237 765 1285 (quo)
789 1240 953 1282 paululum
980 1238 1107 1284 defecit,

624 1288 742 1321 Salutis
767 1291 897 1320 nostrae
920 1288 1057 1328 mystica

676 1337 750 1368 dum
776 1338 904 1367 strenue
928 1333 1075 1375 perfecit.

287 1415 368 1443 Orat.
397 1422 451 1441 ms.
480 1412 615 1442 Caelicae
642 1412 772 1448 Hughen
808 1411 878 1438 anni
906 1408 988 1438 1524.
1035 1411 1105 1438 Cod.
1135 1409 1340 1447 Stuttgartien.
1366 1409 1414 1445 (ol.
1441 1411 1525 1438 Miss.

212 1450 420 1490 Hamburgen.)
441 1450 483 1480 lb
504 1448 550 1478 22.
571 1465 609 1469 —
631 1448 655 1484 1,
672 1449 689 1478 6
708 1451 810 1477 morte.
829 1463 869 1469 —-
889 1447 917 1482 4,
934 1448 949 1476 1
969 1450 1033 1477 Iam
1053 1458 1113 1476 non
1134 1452 1220 1477 erunt
1239 1449 1279 1476 in.
1301 1464 1338 1468 -—‹
1357 1447 1384 1482 4,
1401 1447 1420 1475 2
1440 1452 1526 1476 -zrunt

205 1492 280 1520 fehlt
297 1491 372 1520 hier.

539 1610 585 1642 92.
617 1608 725 1641 Oratio
747 1609 785 1640 de
803 1608 1046 1641 Resurrectione
1068 1607 1194 1640 Clu-isti.

223 1696 254 1728 1.
282 1693 387 1737 Salve,
413 1691 608 1725 resurrectio

326 1743 438 1774 sancta
462 1738 686 1782 redemptoris,

277 1789 428 1824 Perfecta
452 1788 574 1828 ereptio

326 1837 427 1871 cosmi
449 1834 709 1877 transgressoris,

279 1886 382 1920 Grata
406 1888 441 1918 tu
464 1882 599 1917 refectio

323 1934 486 1968 hominum
512 1932 631 1964 erroris

278 1984 460 2023 Potensque
485 1980 622 2014 deiectio

324 2030 426 2064 hostis
453 2028 645 2069 deceptoris.

217 2103 249 2135 2.
276 2099 326 2132 Tu
350 2106 427 2132 vere
452 2096 650 2130 sollemnitas

325 2156 358 2179 es
384 2144 646 2187 sollemnitatum,

279 2195 411 2228 Gratiae
436 2203 475 2226 ac
500 2192 621 2234 gloriae

326 2243 466 2276 fructum
491 2241 598 2274 ferens
623 2241 759 2280 gratum,

274 2293 436 2325 Relevans
461 2289 637 2323 salubriter

322 2340 484 2373 hominem
509 2338 717 2378 prostratum,

268 2390 358 2422 Dans
384 2389 413 2420 ei
437 2387 599 2421 veraciter

323 2447 432 2471 verum
456 2434 659 2469 caelibatum.

906 1691 938 1724 3.
965 1689 1012 1723 Ut
1034 1689 1086 1721 leo
1109 1698 1200 1721 suum
1223 1689 1360 1721 catulum

1012 1737 1117 1769 Iesum
1147 1736 1318 1778 suscitasti,

967 1785 1057 1818 Sicut
1080 1785 1220 1826 phoenix
1244 1786 1413 1826 parvulum

1014 1833 1084 1866 cibo
1110 1832 1280 1874 reparasti,

966 1882 1065 1916 Velut
1090 1882 1223 1915 Samson
1248 1881 1367 1913 tumulo

1015 1932 1140 1970 captum
1166 1929 1323 1968 liberasti,

965 1979 1076 2011 Ionam
1102 1980 1213 2011 ventre
1236 1976 1363 2009 belluae

1015 2026 1156 2059 clausum
1182 2024 1350 2059 revocasti.

933 2121 939 2128 .
965 2095 1037 2127 Tua
1061 2094 1254 2126 resurrectio

1015 2145 1145 2175 nostrae
1169 2143 1411 2183 sacramentum,

965 2190 1107 2224 Effectus
1134 2190 1292 2232 erudiens,

1015 2247 1111 2271 causa
1137 2241 1168 2269 et
1194 2236 1383 2277 exemplum,

966 2287 1097 2320 Tollens
1123 2293 1248 2326 quoque
1272 2283 1411 2324 pleniter

1011 2338 1157 2367 nostrum
1183 2332 1418 2371 detrimentum,

965 2384 1104 2417 Humani
1130 2380 1270 2422 ambigui

1014 2432 1135 2464 clarum
1161 2430 1390 2470 argumentum.
