1651 2606
698 95 931 133 -35—

442 192 501 227 IV.

194 283 202 290 .
229 257 360 291 Plateae
383 260 560 293 Ierusalem

279 306 370 339 Auro
397 310 647 347 consternentur,

230 352 293 385 Per
318 358 446 387 cantum
470 355 650 388 mirabilem

279 400 370 433 Tunc
393 411 486 435 aures
510 401 733 445 informentur,

231 448 293 480 Hic
319 452 368 481 est
390 453 500 482 cantus
522 450 666 483 mellicus

281 496 422 529 Alleluia
448 497 549 540 dulce,

234 542 306 576 Hoc
331 546 492 577 resument
516 544 659 576 crebrius

278 591 449 632 Nunquam
471 593 578 623 tamen
604 592 734 627 insulse.

194 673 202 681 .
229 647 329 686 Quam
355 650 476 689 grande
502 649 680 681 convivium

274 695 412 728 Fecerat
434 698 602 740 Assuerus,

228 741 331 774 Multo
357 744 430 783 plus
455 742 657 784 magnificum

276 790 346 822 Rex
370 792 578 832 praeparavit
601 800 705 832 verus,

226 836 276 869 Ibi
300 847 421 870 merum
447 839 600 871 caelicum

276 886 315 917 In
340 894 418 918 auro
443 889 573 927 potatur

230 931 273 963 Et
298 942 414 973 panem
437 934 613 974 angelicum

279 980 372 1012 Mens
399 982 495 1013 edens
520 983 692 1016 saturatur.

363 1043 383 1065 >k
555 1043 575 1064 >lt

458 1069 478 1090 21<

190 1136 198 1144 .
226 1112 251 1145 O
278 1111 356 1145 felix
382 1113 517 1155 avicula,

271 1160 349 1192 Ales
374 1161 538 1203 spiritalis,

225 1206 358 1239 Sursum
384 1217 439 1240 cor
460 1208 496 1239 in
520 1209 658 1247 saecula,

277 1254 342 1287 Ubi
366 1256 435 1288 laus
461 1256 642 1296 aeternalis,

227 1301 300 1333 Non
327 1305 376 1334 est
399 1304 484 1335 inter
506 1303 653 1335 volucres

274 1349 424 1382 Laudans
448 1352 485 1383 ut
509 1350 654 1392 alaudae,

226 1396 297 1428 Hoc
321 1406 379 1429 nos
404 1397 522 1430 reddat
545 1398 669 1431 alacres

273 1444 368 1477 Nunc
390 1445 424 1478 in
447 1444 556 1478 ‹li-vina
578 1446 683 1479 laude.

445 1521 485 1556 V.

187 1612 194 1620 .
223 1586 268 1619 Ut
293 1587 430 1620 victores
454 1588 558 1620 incliti

267 1634 318 1667 1bi
341 1635 557 1677 laetabuntur,

224 1682 328 1723 Capta
349 1684 472 1722 praeda
499 1683 600 1715 dediti

273 1730 377 1770 Quieti
398 1730 597 1774 iocabuntur,

221 1778 273 1810 Ibi
302 1787 410 1820 regem
434 1778 605 1811 Dominum

269 1825 388 1858 Vident
411 1827 444 1859 in
472 1826 598 1867 decore,

219 1873 419 1906 Salvatorem
445 1874 583 1907 omnium

269 1922 463 1955 Collaudant
485 1923 519 1954 in
545 1932 662 1957 amore.

186 2002 193 2010 .
220 1979 271 2011 Ibi
294 1989 391 2020 super
415 1979 521 2013 omnia

267 2027 355 2060 Bona
379 2030 569 2068 statuentur,

219 2075 279 2115 Qui
304 2076 347 2108 ad
371 2076 558 2109 transitoria

265 2123 385 2156 Amore
413 2133 477 2156 non
501 2126 660 2168 tenentur,

217 2170 269 2203 Ibi
293 2171 328 2203 in
351 2171 541 2204 caelestibus

263 2219 389 2252 Dantur
411 2220 603 2259 mansiones,

216 2268 281 2300 Pro
307 2268 399 2300 bonis
424 2267 573 2309 operibus

263 2316 393 2349 Habent
418 2317 630 2357 pausationes,

354 2380 374 2402 >k
547 2381 567 2403 >k

450 2408 470 2431 >k

857 196 888 229 3.
912 195 993 237 Ach,
1017 196 1134 229 amoris
1157 197 1322 236 canticum,

961 243 1083 276 Iubilus
1107 244 1252 285 alaudae,

915 290 965 323 Sis
992 291 1086 323 dulce
1109 291 1260 324 viaticum

958 338 995 370 In
1019 341 1075 371 tua
1098 340 1184 372 laeta
1206 339 1312 381 laude,

912 385 991 424 Quia
1016 389 1111 426 caput
1135 389 1283 427 tremere,

959 433 1038 466 Visu
1062 434 1200 475 caligare

912 480 1020 521 Coepi,
1047 482 1143 514 corde
1167 490 1293 521 gemere

959 529 1008 560 Ac
1032 538 1142 570 gressu
1167 529 1338 564 declinare.

1125 613 1180 648 VI.

879 714 886 721 .
913 690 985 722 Non
1011 693 1059 722 est
1084 691 1279 731 comparatio

959 737 1065 778 Digna
1088 739 1281 778 passionum,

913 784 1008 817 Clara
1032 785 1184 818 revelatio

959 833 1114 865 Ostendet
1138 841 1230 864 omne
1254 832 1380 873 bonum,

914 879 1004 918 Quod
1028 889 1091 911 non
1116 880 1198 912 vidit
1222 881 1331 912 oculus

960 926 1029 958 Nec
1059 936 1151 958 aures
1177 927 1320 968 intravit,

912 973 982 1005 Hoc
1007 975 1171 1014 exspectat
1194 974 1342 1015 populus,

959 1021 1021 1053 Hic
1045 1022 1151 1053 Iesum
1176 1021 1229 1060 qui
1254 1021 1381 1054 amavit.

876 1101 883 1109 .
912 1077 937 1110 Ο
964 1086 1020 1109 vos
1046 1077 1164 1110 Christi
1189 1078 1323 1118 pugiles,

959 1124 1095 1157 Certetis
1121 1127 1312 1166 constanter,

912 1172 989 1204 Sitis
1013 1173 1108 1205 modo
1132 1172 1255 1216 vigiles,

956 1220 1127 1260 Rependet
1151 1219 1361 1263 abundanter,

911 1266 1018 1299 Fertis
1042 1269 1293 1299 momentaneam

957 1315 1220 1356 Tribulationem,

910 1362 1001 1393 Tunc
1025 1371 1083 1394 rex
1109 1362 1197 1395 dabit
1222 1371 1348 1394 auream

958 1409 1266 1442 Remunerationem.

1049 1477 1069 1499 ἦ(
1238 1478 1258 1499 ²1<

1144 1503 1164 1524 ,ις

876 1578 883 1585 .
909 1552 1005 1584 Nunc
1028 1552 1070 1584 ad
1095 1552 1215 1586 Christi
1239 1553 1373 1593 gloriam

958 1599 1062 1632 Simus
1090 1603 1128 1632 ut
1148 1600 1293 1644 alaudae,

909 1648 963 1679 Ad
989 1648 1159 1679 caelestem
1184 1648 1304 1680 curiam

958 1696 1107 1728 Volemus
1134 1695 1219 1728 dulci
1243 1696 1348 1739 laude,

909 1742 988 1782 Quia
1012 1743 1098 1776 vires
1126 1741 1277 1785 defluunt,

955 1790 999 1823 Et
1025 1792 1134 1831 capilli
1160 1791 1240 1832 cani,

907 1838 952 1871 Et
974 1838 1021 1870 nil
1045 1839 1118 1880 plus
1142 1838 1289 1871 reficiunt

956 1887 1091 1919 Amores
1115 1887 1151 1919 hi
1173 1887 1337 1922 mundani.

1114 1972 1190 2008 VII.

873 2075 880 2083 .
906 2050 996 2082 Tunc
1018 2050 1182 2091 absterget
1201 2050 1349 2082 lacrimas

955 2098 1042 2130 Deus
1068 2098 1245 2140 miserator,

908 2146 1076 2178 Passiones
1098 2145 1252 2186 plurimas

953 2193 1085 2226 Delebit
1106 2196 1278 2232 recreator,

907 2241 1001 2275 Nova
1022 2241 1102 2274 fient
1125 2241 1231 2275 omnia

957 2290 1097 2331 Caelum,
1124 2293 1221 2329 terra,
1248 2298 1346 2329 marc,

906 2338 1070 2371 Iudicabis
1096 2336 1228 2378 somnia,

956 2387 1044 2427 Quae
1066 2386 1149 2419 soles
1174 2393 1258 2417 nunc
1283 2394 1399 2419 amaro.

1279 2439 1321 2469 3*
