1651 2606
650 118 882 161 „92—

210 224 256 257 72.
290 222 445 257 salutatio
467 221 507 253 ad
528 221 649 253 dolores
670 217 868 259 singulorum
890 218 1096 250 membrorum
1117 217 1187 249 Iesu
1208 213 1334 247 Christi.

139 306 166 338 1.
195 306 298 345 Salve,
324 305 421 343 salve,
447 303 520 335 Iesu
543 303 605 344 pie,
812 301 843 332 3.

191 353 256 385 Fili
282 353 341 385 Dei
368 355 400 383 et
423 350 557 392 Mariae,

193 400 253 438 Qui
279 400 318 432 de
343 401 435 438 patre
459 398 528 429 sinc
552 398 654 427 matre

192 447 236 479 Et
259 447 298 479 de
322 447 423 477 matre
448 445 516 475 sine
539 446 631 482 patre

239 494 340 526 Natus
365 501 398 523 es
423 489 646 529 ineffabiliter;

193 542 295 573 Aures
321 542 393 571 tuae
418 541 482 569 tam
507 536 672 577 benignae,

196 588 286 620 Omni
311 594 385 618 vere
408 584 505 617 laude
530 583 655 624 dignae,

195 635 387 674 Angelorum
412 640 488 671 quos
515 634 695 671 concentus,

194 681 291 713 Totus
318 679 453 711 caelicus
478 681 649 711 conventus

238 728 360 760 Mulcet
383 725 582 768 mirabiliter,

137 796 169 826 2.
196 794 320 832 Quanta
343 792 461 833 probra
484 793 685 831 pertulerunt
812 791 845 825 4.

192 840 235 873 Et
261 849 353 881 quam
378 847 475 878 saepe
499 838 705 872 audiverunt:

194 887 257 920 Hic
281 888 431 919 seductor
456 889 488 917 01
512 889 672 925 peccator,

194 934 256 966 Hic
280 937 408 975 potator
432 935 465 964 01
489 936 626 976 vorator,

241 982 372 1021 Semper
396 980 494 1012 habet
519 980 734 1020 daemonium3

194 1029 268 1068 Quis
293 1029 350 1060 has
375 1036 494 1068 poenas
520 1036 669 1060 enarrare

192 1076 305 1108 Posset
329 1083 445 1117 omneS,
470 1074 543 1106 Iesu
569 1073 667 1107 care?

196 1122 279 1154 Mihi
302 1122 388 1163 sapit
411 1124 514 1153 tecum
538 1119 625 1164 fiere,

200 1169 271 1202 Non
297 1178 347 1200 me
371 1177 497 1208 possum
525 1170 686 1201 continere

243 1216 422 1248 Attendens
445 1215 505 1247 hoo
529 1214 692 1256 flagitium.

869 298 955 331 Hinc
980 299 1136 330 latronem
1161 296 1355 329 saevientem

870 345 956 378 Hinc
981 348 1013 378 et
1035 345 1190 377 Iudaeum
1216 342 1421 376 frementem:

869 393 949 434 Vah,
965 393 1018 433 qui
1030 392 1184 432 templum
1195 391 1255 423 hoc
1264 390 1423 431 rependit,

869 440 934 473 Hic
960 441 1000 473 de
1025 447 1128 480 cruce,
1156 438 1183 470 si
1211 438 1386 480 descendit,

916 488 1013 520 Hunc
1037 487 1153 519 scimus
1179 485 1238 517 Dei
1268 485 1376 525 filium,

875 531 1106 577 „Prophetiza“
1136 542 1220 565 nunc
1246 534 1395 573 clamare,

871 582 965 615 Nunc
990 587 1022 615 te
1047 582 1177 613 Petrum
1203 583 1254 613 ter
1278 588 1404 620 negare,

873 626 1071 672 „Crucifige“
1101 628 1269 670 replicare,

875 678 964 720 „Ave
991 674 1067 709 rex“
1096 679 1129 708 te
1154 676 1294 708 salutare

920 725 1044 765 Lingua
1068 723 1296 763 insipientium.

872 790 1062 823 Malleorum
1087 798 1183 821 sonus
1208 789 1337 829 multus,

872 838 1062 870 Iudaeorum
1089 836 1163 868 hinc
1186 837 1351 878 tumultus,

872 884 957 916 Hinc
984 884 1108 917 Mariae
1133 893 1265 916 manans
1291 884 1407 922 vultus,

873 931 957 964 Hinc
982 934 1109 963 creator
1132 934 1292 971 tamquam
1310 931 1426 962 stultus

921 979 971 1012 Ab
998 979 1143 1011 omnibus
1170 978 1355 1018 despicitur.

874 1026 899 1059 Ο
925 1027 1050 1058 stillans
1075 1026 1178 1058 mellis
1206 1026 1336 1058 dulcore

873 1074 980 1106 Pallet
1004 1076 1088 1106 totus
1114 1081 1193 1114 prae
1219 1073 1363 1115 horrore,

876 1120 994 1154 Caecos
1018 1121 1089 1153 visu
1113 1121 1167 1160 qui
1192 1121 1330 1158 vestivit,

875 1168 937 1200 Hic
958 1168 1029 1200 visu
1053 1166 1116 1200 frui
1144 1167 1271 1210 desivit,

923 1216 1003 1256 Quia
1028 1216 1130 1257 sputis
1155 1214 1312 1249 obruitur.

447 1283 476 1314 5.
504 1281 564 1319 En,
590 1290 657 1322 pes,
685 1283 790 1321 caput,
817 1281 919 1322 laeva,
947 1282 1060 1314 dextra

502 1329 620 1361 Dolens
644 1329 763 1368 passim
787 1328 883 1370 intus,
916 1332 1008 1361 extra

502 1375 588 1415 Gyro
614 1376 698 1417 hinc,
724 1375 792 1407 11110
816 1384 942 1418 regyro,

502 1422 558 1453 Nil
582 1423 615 1454 in
640 1425 706 1455 tam
730 1422 896 1462 praeclaro
923 1424 1001 1463 viro,

552 1469 621 1501 Nisi
648 1470 739 1501 dolor
765 1469 969 1508 conspicitur.

505 1516 622 1556 Pignus
646 1517 766 1549 aeterni
793 1516 929 1559 ardoris,

505 1563 606 1595 Huius
632 1573 728 1595 causa
752 1573 820 1595 sum
847 1563 975 1607 doloris,

505 1610 587 1653 Seio,
615 1612 698 1651 Iesu,
724 1611 807 1650 quod
833 1620 902 1643 sum
927 1621 1000 1643 reus

506 1657 662 1690 Miserere
684 1658 756 1699 mei,
784 1658 880 1697 Deus,

556 1705 627 1737 Hoc
652 1714 766 1745 corpus
792 1705 864 1737 dum
892 1707 1114 1747 corrumpitur.

203 1789 273 1816 Cod.
300 1788 329 1815 S.
355 1789 434 1816 Petri
459 1788 771 1825 Salisburgen.b.11
796 1788 840 1817 24
869 1792 939 1818 anni
967 1789 1048 1819 1538.
1075 1791 1108 1818 A.
1140 1806 1176 1810 —
1199 1791 1432 1821 Co‹1.Vi1·.unen

127 1828 197 1854 cart.
214 1826 257 1854 IV
277 1828 346 1854 anni
362 1824 442 1854 1530.
457 1827 489 1854 B.
504 1842 541 1846 —
564 1825 587 1861 1,
605 1828 624 1855 4
643 1827 716 1855 fehlt
734 1828 768 1855 A.
787 1843 826 1847 —
845 1825 871 1862 3,
892 1826 910 1856 2
933 1831 962 1856 et
980 1829 1055 1857 fehlt
1074 1829 1114 1864 A,
1135 1830 1177 1857 Et
1195 1830 1336 1859 Iudaeum
1358 1832 1434 1859 blas-

126 1864 309 1900 phennantem
334 1866 367 1892 Β.
393 1879 432 1883 —
460 1861 486 1898 3,
504 1862 522 1892 3
542 1864 597 1893 hoe
617 1873 702 1901 repar
704 1868 735 1893 11
754 1866 788 1893 A.
815 1880 852 1884 -—-

879 1863 905 1902 3,
927 1867 944 1894 4
965 1867 1148 1896 descenderit
1166 1868 1200 1895 B.
1221 1882 1258 1887 ·—
1279 1867 1305 1902 3,
1327 1868 1344 1897 5
1367 1869 1434 1897 Cre-

128 1902 223 1929 dimus
244 1903 270 1930 ei
289 1902 322 1929 B.
343 1917 379 1921 -—
399 1899 426 1935 3,
449 1899 468 1929 8
487 1902 636 1937 triplicare
658 1904 690 1931 Β.
717 1919 747 1922 -
769 1901 795 1937 3,
817 1902 834 1931 9
855 1906 884 1931 te
903 1905 977 1933 fehlt
996 1905 1186 1938 A3saluta1e
1206 1908 1234 1933 te
1256 1907 1289 1934 B.
1308 1923 1347 1927 —
1366 1906 1431 1941 4,1

126 1941 205 1967 Hinc
235 1940 402 1967 malleorum
434 1940 465 1967 Β.
497 1954 533 1958 -
560 1939 587 1975 4,
610 1939 628 1968 2
654 1942 733 1969 Hinc
758 1942 933 1970 Iudaeorum
957 1944 1049 1971 13.-
1068 1943 1096 1978 4,
1118 1943 1134 1971 5
1165 1944 1190 1971 A
1211 1947 1324 1973 cunctis
1343 1946 1376 1973 Β,
1398 1961 1434 1964 -

125 1977 151 2011 5,
172 1975 190 2005 3
210 1979 274 2005 11110
295 1978 367 2005 fehlt
386 1979 419 2005 Α.
440 1994 477 1997 -
498 1976 524 2012 5,
546 1976 563 2006 6
584 1980 647 2014 Op
628 1981 735 2015 pignus
756 1979 789 2007 B.
811 1994 848 1998 —
869 1978 895 2013 5,
916 1981 933 2009 7
954 1989 1018 2008 sum
1038 1990 1128 2009 causa
1147 1982 1179 2009 Β.
1203 1997 1235 2001 -
1259 1982 1344 2017 5,1Ο
1365 1984 1434 2012 dum

126 2016 257 2044 moritui.
279 2030 315 2035 —
336 2016 392 2043 Gfl.
414 2016 461 2043 (110
480 2016 556 2044 Note
576 2018 624 2045 bei
646 2017 734 2045 Mone
753 2018 776 2050 Ι,
798 2017 827 2045 S.
850 2000 911 2046 17'1.

584 2165 630 2197 73.
663 2166 706 2198 Do
727 2166 820 2198 cruce
840 2167 971 2200 Domini.

450 2256 484 2288 1.
509 2255 710 2295 Peccatores,
737 2264 835 2296 quare
861 2256 1050 2299 desperatis,

506 2302 762 2345 Quantiscunque
787 2304 907 2338 subditi
931 2306 1095 2347 peccatis?

509 2350 638 2383 Cernite
662 2352 845 2383 thesaurum
870 2353 998 2392 pietatis

690 2399 727 2432 In
753 2399 863 2432 Cruce.
