1651 2606
627 138 885 176 —102—

174 242 292 275 Mirari
314 251 379 275 non
403 239 566 274 sufficiunt

173 289 236 322 Hie
259 290 333 332 ipsi,
355 290 409 330 qui
432 289 591 329 aspiciunt

224 337 410 378 Surgentem
434 335 553 375 absque
577 342 675 366 mora.

117 396 144 428 6.
174 395 212 428 In
237 403 295 427 sua
319 402 353 426 se
377 393 555 432 resuscitat,

175 441 234 481 Qut
259 442 363 473 omnia
385 439 535 478 vivificat,

219 489 325 521 Verbo
351 491 383 519 et
406 486 586 524 voluntate3

171 536 230 576 Qui
252 543 375 576 pauper
400 542 469 565 esse
496 531 607 570 voluit,

170 583 234 616 Per
257 585 290 614 te
314 582 465 613 honorem
489 579 606 619 recipit

218 628 384 662 Perfectus
410 627 538 659 deitate.

114 688 144 720 7.
171 686 230 726 Qui
253 683 358 717 fuerat
373 683 547 725 passibilis,

171 733 289 766 Factus
316 733 364 763 est
387 730 566 763 insolubilis

216 780 279 812 Per
301 781 388 810 tuam
411 780 613 818 potestatem,

854 236 915 275 Qui
938 236 973 267 in
999 244 1095 268 carne
1116 235 1260 277 virginea

852 284 914 316 Est
938 283 1013 315 olim
1038 293 1151 324 passus
1176 291 1303 324 aspera,

899 331 1035 371 Recepit
1058 331 1271 364 maiestatem.

818 424 825 431 .
852 397 1012 431 Perfectio
1038 400 1071 429 et
1095 398 1225 430 claritas

852 445 1051 478 Summorum
1078 448 1111 477 et
1133 445 1323 484 sublimitas,

900 494 1090 527 Sanctorum
1112 492 1291 533 plenitudo,

852 540 966 574 Vivum
993 540 1099 573 cordis
1122 541 1283 581 gaudium,

851 588 1038 629 Angelicum
1065 588 1254 620 miraculum

899 634 982 668 Dum
1005 636 1115 668 vident
1139 635 1359 675 reformatum,

851 682 910 721 Qui
936 682 1068 715 formam
1095 685 1180 716 servi
1204 683 1320 723 induit,

851 729 933 762 Dum
959 732 1062 762 terras
1087 734 1214 763 nostras
1238 731 1328 773 adiit,

897 777 962 810 Pro
987 778 1079 810 nobis
1104 778 1304 812 inclinatum.

466 836 498 868 9.
524 834 666 867 Deducis
691 834 776 866 hunc
800 834 842 866 ad
867 834 1001 874 propria

523 881 587 915 Per
611 884 667 913 tua
691 884 782 913 tanta
807 889 920 922 opera,

571 930 658 969 Quae
682 928 772 961 novit
797 936 851 962 cor
876 931 1045 970 secretum,

527 976 617 1016 Quod
641 979 696 1008 tuo
723 975 801 1008 forti
824 977 957 1016 pectore

523 1023 708 1056 Exsultavit
732 1023 866 1055 mirifice

572 1071 753 1103 Dulcedine
776 1072 946 1112 repletum.

177 1135 256 1163 Orat.
285 1143 340 1162 ms.
369 1136 516 1163 Caeciliae
541 1136 671 1172 Hughen
697 1137 767 1164 anni
796 1135 879 1164 1524.
924 1136 994 1165 Cod.
1020 1136 1224 1174 Stuttgartien.
1246 1138 1296 1174 (ol.
1322 1139 1406 1167 Miss.

103 1171 312 1209 Hamburgen.)
335 1171 387 1201 lb.
409 1171 454 1201 22.
474 1188 512 1193 —
532 1172 558 1208 2,
579 1171 598 1201 3
618 1176 679 1202 toto
701 1174 793 1203 eorde.
814 1191 847 1195 —
872 1172 898 1209 2,
922 1173 940 1202 6
958 1178 1038 1203 vota.
1057 1191 1097 1196 ——
1115 1175 1141 1209 7,
1163 1175 1183 1204 4
1196 1177 1251 1210 Qui
1272 1177 1408 1204 fehlt.—

99 1209 125 1244 7,
151 1208 167 1236 Γ
189 1211 246 1244 Qui
267 1214 312 1239 est
334 1210 413 1239 olim.
433 1225 470 1231 -ν-
490 1209 517 1245 2,
538 1210 555 1239 9
574 1213 743 1240 inclinatus.

512 1332 560 1364 90.
590 1332 633 1364 De
652 1332 892 1364 Resurrectione
912 1334 944 1365 D.
959 1333 993 1364 N.

108 1401 138 1433 1.
167 1401 270 1440 Caput
286 1400 483 1441 honorabile,

213 1447 410 1479 tremendum
437 1449 602 1491 creaturis,

167 1494 257 1532 Quod
283 1497 332 1526 est
354 1495 516 1527 laudabile

213 1550 291 1580 prae
315 1542 460 1574 omnibus
483 1542 616 1581 naturiS,

166 1587 323 1620 Diadema
346 1589 490 1629 spineum

211 1636 353 1674 portavit
378 1645 447 1668 cum
471 1636 647 1677 puncturis.

168 1708 588 1720 ........

228 1756 588 1765 .......

108 1787 138 1818 2.
164 1785 335 1818 Exaltatur
352 1787 448 1820 hodie

212 1841 328 1865 corona
350 1835 537 1876 laureatum,

168 1881 281 1913 Gestat
303 1885 421 1913 sertum
447 1883 566 1923 regium

212 1928 342 1967 gemmis
367 1929 564 1973 adornatum,

165 1975 214 2008 Ut
239 1983 330 2008 carus
354 1976 437 2016 regis
462 1977 573 2009 unicus

211 2022 335 2062 excepit
361 2023 575 2063 principatum

163 2069 207 2102 Et
231 2078 290 2108 pro
315 2070 434 2102 laboris
458 2080 589 2104 munere

213 2117 335 2158 regium
359 2120 566 2157 potentatum.

106 2175 138 2206 3.
164 2174 190 2207 Ο
215 2174 326 2205 inclita
349 2175 529 2207 iucunditas

209 2221 370 2261 paschalis
397 2221 571 2264 dignitatis,

162 2269 279 2301 Merito
306 2269 457 2311 diligeris,

208 2326 226 2349 o
254 2318 349 2350 decus
375 2317 514 2358 deitatis,

846 1403 909 1436 Per
930 1406 964 1435 te
988 1413 1045 1436 rex
1069 1407 1253 1446 agnoscitur

896 1451 1124 1493 universitatis,

846 1498 904 1537 Qui
930 1498 1006 1530 olim
1030 1500 1118 1532 visus
1144 1505 1194 1533 est

893 1546 985 1578 homo
1010 1549 1221 1588 paupertatis,

815 1629 822 1636 .
847 1603 966 1643 Magna
988 1603 1162 1637 luminaria

892 1650 946 1682 hic
971 1652 1110 1684 claustra
1135 1654 1309 1695 oculorum,

848 1698 935 1736 Quae
959 1702 1033 1731 sunt
1060 1701 1139 1732 caeli
1165 1703 1296 1741 specula

895 1749 927 1777 et
950 1747 1104 1786 splendor
1129 1750 1325 1790 angelorum,

845 1793 909 1825 Pro
934 1794 1026 1826 nobis
1053 1795 1271 1835 caligaverant

893 1849 973 1880 prae
995 1840 1123 1875 fletibus
1150 1844 1305 1885 dolorum,

845 1887 885 1919 In
908 1891 1013 1921 morte
1036 1889 1296 1924 obdormiverant

898 1936 938 1967 de
960 1934 1117 1969 fructibus
1142 1938 1300 1972 laborum.

812 2017 818 2024 .
846 1992 919 2024 Nox
942 1992 1006 2025 ista
1029 1994 1181 2035 pretiosa,

895 2040 970 2071 dum
993 2042 1118 2081 spargit
1141 2044 1342 2091 suavitatem,

844 2085 996 2119 Homines
1021 2093 1170 2128 potenter
1195 2095 1313 2126 excitat

895 2134 974 2167 dans
998 2135 1064 2168 illis
1091 2138 1280 2181 claritatem,

846 2181 893 2214 Ut
914 2182 1053 2215 iucunde
1076 2185 1210 2219 videant

894 2229 984 2262 verbi
1007 2233 1218 2275 maiestatem,

846 2277 924 2309 Cum
949 2282 1095 2315 ornatum
1117 2282 1236 2322 recipit

891 2326 925 2357 in
949 2327 1193 2367 proprietatem.

167 2382 247 2410 Orat.
276 2391 330 2410 ms.
357 2383 505 2412 Caeciliae
528 2384 656 2421 Hughen
685 2389 756 2415 anni
781 2387 864 2417 1524.
912 2390 982 2420 eod.
1010 2392 1216 2431 Stuttgar-tien.
1239 2395 1290 2432 (ol.
1318 2398 1403 2426 Miss.

90 2419 301 2457 Hamburgen.)
320 2419 362 2450 lb
383 2420 429 2450 22.
451 2437 488 2441 —
509 2420 536 2458 3,
556 2421 575 2450 2
594 2423 732 2460 dignitas.
751 2442 790 2447 —
809 2426 836 2462 5,
856 2426 874 2456 3
893 2429 978 2458 Lies:
999 2431 1108 2460 Omnes
1127 2436 1282 2469 potenter?
