1651 2606
752 116 986 150 -22—

611 214 653 245 18.
695 212 737 243 De
755 208 976 241 Incarnatione
995 204 1123 238 Domini.

255 316 261 322 .
288 287 385 328 Deus,
413 288 537 318 creator
561 284 709 318 omnium,

289 337 375 367 Ante
398 333 509 366 mundi
532 330 723 373 principium

288 382 463 420 Praevidit‚
489 382 523 411 ut
547 388 606 419 per
629 376 728 410 filium

290 429 390 461 Nobis
417 428 508 460 daret
533 425 705 458 consilium.

255 532 262 540 .
289 505 363 537 Nox
388 503 547 535 silentium
571 500 675 531 tenuit

288 551 442 592 Medium,
468 550 542 581 dum
567 555 702 587 sponsus
730 544 815 577 venit

290 600 320 630 A
345 597 503 637 regalibus
529 594 658 626 sedibus

290 645 420 677 Donans
445 651 556 683 pacem
580 640 770 673 hominibus

258 748 265 755 .
292 720 444 752 Mirabile
471 717 668 759 mysterium,

288 768 372 799 Dum
397 767 485 806 virgo
510 766 597 805 parit
620 763 730 805 filium,

286 815 333 847 Ut
356 814 444 846 sidus
469 812 595 853 profert
619 812 744 843 radium

289 862 415 894 Intacta
438 860 582 892 nesciens
607 859 720 891 virum.

257 964 264 971 .
292 937 411 970 Christi
435 936 669 977 generationem

290 986 365 1025 Quis
391 984 551 1016 hominum
578 982 752 1020 enarrabit,

290 1032 391 1064 Verbi
414 1031 664 1063 incarnationem

290 1079 486 1119 Angelorum
512 1078 581 1118 quis
606 1074 802 1117 vestigabit?

258 1171 265 1178 .
297 1146 447 1186 Verbum,
475 1145 558 1185 quod
582 1147 675 1184 pater
700 1143 818 1184 genuit,

293 1193 419 1226 Servile
444 1201 558 1233 corpus
575 1192 691 1232 induit,

291 1241 342 1273 De
365 1243 470 1272 matre
493 1240 581 1271 nasci
606 1239 717 1278 voluit,

295 1288 355 1327 Qui
380 1287 491 1319 matris
519 1289 643 1318 creator
667 1285 738 1318 fuit.

238 1358 266 1390 ².
290 1355 341 1387 De
366 1355 437 1386 sinu
461 1354 563 1393 patris
588 1353 719 1393 prodiit,

293 1402 352 1441 Qui
375 1401 456 1433 lucis
482 1403 592 1432 auctor
618 1400 750 1439 exstitit,

290 1450 440 1482 Formam
465 1448 601 1480 hominis
625 1447 740 1485 induit,

292 1496 343 1527 Ne
367 1496 529 1535 perderet,
557 1495 639 1534 quod
667 1494 820 1527 condidit.

265 1586 272 1594 .
298 1561 406 1593 Maria
431 1561 590 1593 Christum
617 1560 729 1599 edidit,

296 1608 382 1647 Quae
407 1609 466 1640 viri
493 1609 616 1640 thorum
641 1608 765 1646 nesciit,

293 1655 400 1687 Mater
426 1655 485 1687 Dei
511 1654 658 1695 efficitur,

295 1702 377 1734 Dum
403 1702 490 1734 Deus
515 1703 607 1734 homo
632 1702 785 1735 nascitur.

263 1794 270 1801 .
296 1768 399 1800 Natus
423 1771 472 1799 est
494 1768 556 1800 Dei
582 1768 676 1809 filius,

302 1815 469 1847 Caelorum
493 1824 561 1856 rex,
587 1824 648 1847 non
674 1816 765 1858 alius,

298 1862 510 1902 Nasciturque
534 1863 568 1893 in
593 1863 717 1894 stabulo

298 1909 397 1950 Deus,
424 1910 478 1949 qui
501 1912 615 1950 regnat
636 1910 668 1941 in
698 1912 795 1943 eaelo.

263 2001 270 2008 .
298 1976 362 2008 Vili
386 1976 470 2006 iacet.
493 1975 691 2014 praesaepio,

299 2023 395 2062 Quem
421 2022 510 2054 nulla
533 2023 655 2054 claudit
679 2024 777 2063 regio,

298 2070 459 2110 Apparuit,
483 2069 677 2108 pastoribus,

300 2117 359 2156 Qui
385 2119 498 2156 regnat
520 2117 553 2147 in
580 2117 780 2150 caelestibus.

911 279 966 312 10.

911 497 965 529 11.

914 717 966 749 12.

913 936 967 968 13.

913 1145 969 1177 14.

914 1354 969 1387 15.

920 1564 976 1596 16.

920 1773 974 1804 17.

921 1980 975 2012 18.

993 277 1095 310 Stella
1118 274 1244 315 fulgens
1270 269 1431 312 apparuit,

991 324 1074 356 Dum
1100 323 1191 362 virgo
1215 321 1304 353 Iesse
1327 317 1446 357 floruit,

991 372 1037 404 Et
1061 379 1151 411 reges
1177 368 1287 401 ferunt
1309 374 1453 408 munera,

991 419 1067 459 Tus,
1094 426 1247 456 murram,
1275 415 1346 447 auri
1369 413 1526 453 pondera.

991 495 1106 537 Maria,
1133 494 1223 534 virgo
1248 491 1418 532 virginum,

993 544 1080 582 Quae
1104 541 1243 582 genuisti
1265 538 1438 572 Dominum

994 590 1070 622 Sine
1092 589 1179 622 virili
1204 588 1335 629 semine,

992 639 1111 671 Verum
1137 637 1246 669 lumen
1273 635 1313 667 de
1338 633 1469 673 lumine,

993 714 1179 747 Gratiarum
1195 711 1367 744 monilibus

994 762 1125 795 Ornaris
1152 759 1274 793 Christi
1298 758 1412 800 gratia,

994 808 1148 842 Pretiosis
1173 806 1339 847 lapidibus

993 857 1157 888 Virtutum
1183 854 1309 895 fulgens
1335 854 1448 894 gloria.

993 934 1041 966 Tu
1065 933 1162 973 plena
1187 931 1348 971 sapientia

995 980 1188 1020 Cunctisque
1211 978 1468 1018 charismatibus,

994 1029 1094 1061 Serva
1118 1030 1174 1059 tua
1197 1026 1342 1067 potentia

993 1076 1061 1108 Nos
1087 1085 1106 1107 a
1132 1075 1321 1107 daemonum
1343 1073 1525 1105 insultibus.

995 1143 1045 1175 Tu
1070 1142 1265 1182 sempiterno
1289 1140 1422 1173 foedere

996 1190 1136 1224 Caelesti
1160 1198 1277 1229 sponso
1302 1189 1456 1229 iungeris,

993 1238 1063 1270 Fac
1087 1247 1144 1269 nos
1169 1238 1261 1269 illum
1288 1237 1483 1277 dulcescere,

997 1285 1091 1318 Cuius
1116 1288 1152 1316 tu
1179 1287 1283 1316 mater
1309 1284 1461 1316 crederis,

997 1353 1047 1385 Tu
1074 1352 1205 1384 verbum
1229 1352 1317 1384 vitae
1342 1352 1490 1384 tractasti

995 1400 1073 1432 Tuis
1099 1399 1235 1432 sacratis
1262 1399 1419 1439 manibus,

996 1448 1083 1480 Dum
1100 1448 1206 1479 Iesum
1224 1447 1387 1479 Christum
1404 1447 1534 1480 lactasti

999 1496 1076 1527 Tuis
1100 1495 1220 1527 sanctis
1246 1495 1408 1535 operibus.

1004 1562 1175 1594 Gaudebas
1200 1571 1315 1602 magno
1340 1562 1457 1603 gaudio

1000 1610 1161 1642 Nascente
1187 1610 1315 1644 Christo
1340 1610 1485 1654 Domino,

1000 1657 1085 1690 Dum
1112 1666 1260 1689 cerneres
1284 1658 1319 1689 in
1344 1658 1471 1690 stabulo

1000 1705 1113 1748 Deum,
1142 1706 1196 1746 qui
1221 1709 1336 1746 regnat
1359 1706 1393 1738 in
1420 1706 1518 1739 caelo.

1001 1773 1100 1812 Quem
1127 1773 1315 1804 desiderant
1340 1774 1447 1813 angeli

1000 1820 1122 1851 Videre
1147 1823 1180 1851 et
1204 1820 1401 1862 archangeli,

1002 1867 1062 1900 Cui
1087 1867 1235 1899 caelestis
1259 1869 1349 1900 curia¹

1000 1914 1146 1946 Laudem
1171 1915 1284 1947 reddit
1308 1916 1339 1947 in
1368 1917 1481 1957 gloria.

1002 1980 1134 2020 Throni,
1163 1981 1406 2024 dominationes,

1005 2027 1145 2060 Virtutes
1172 2031 1205 2060 et,
1228 2032 1416 2071 potestates,

1002 2075 1207 2115 Principatus
1234 2080 1267 2108 et
1293 2078 1468 2111 Cherubim

1002 2122 1537 2168 LaudantcumsanctisSeraphim.

562 2183 617 2216 19.
643 2183 793 2215 Laudant
817 2185 886 2217 sine
911 2190 1086 2222 cessatione

646 2230 803 2262 Christum
829 2233 862 2265 in
888 2237 984 2268 caelis
1009 2242 1204 2280 regnantem,

643 2278 741 2317 Quem
766 2279 834 2311 sine
859 2285 1062 2324 corruptione

643 2326 692 2357 Tu
718 2327 853 2366 genuisti
877 2329 1041 2367 infantem.

269 2401 350 2428 Orat.
404 2410 457 2429 ms.
477 2401 645 2428 Thosanam
665 2409 740 2428 saec.
764 2399 807 2428 15.
848 2402 918 2431 Cod.
939 2406 1106 2435 Bruxellen,
1126 2406 1213 2436 4948,
