1651 2606
743 99 784 105 —
839 77 1000 116 169*

232 176 265 209 3.
290 175 369 209 Vidi
391 174 522 210 Petrum
547 177 595 210 sic
618 176 758 211 ferocem
917 177 974 212 io.
998 177 1074 210 Vidi
1102 176 1217 221 „Heli“
1243 180 1294 210 ter
1318 177 1517 220 clamantem,

290 223 427 257 Dantem
452 225 548 258 morti
573 234 608 258 se
632 235 691 266 per
715 234 823 259 vocem
999 226 1090 259 Sitim
1114 225 1190 258 felle
1213 224 1419 265 refoventem,

289 271 499 306 For-midasse
523 282 637 307 servae
661 282 770 307 vocem
998 273 1113 306 Vatum
1120 273 1241 314 scripta
1248 276 1525 315 consummantem,

338 321 404 352 Ter
428 324 596 362 negantem
621 322 802 355 Dominum.
1045 322 1134 354 Tunc
1158 320 1263 353 emisit
1286 321 1443 362 spiritum.

232 379 264 410 4.
293 377 367 410 Vidi
392 378 524 411 Petrum
549 379 765 418 paenitentem
919 377 972 411 11.
1000 378 1074 411 Vidi
1100 387 1216 418 pravos
1240 377 1420 421 illudentes,

289 424 334 456 Et
358 434 483 458 amaros
507 425 602 458 fietus
629 426 768 464 dantem,
998 426 1114 457 Verbis
1138 426 1180 458 ad
1207 434 1276 457 eum
1302 426 1484 465 clamantes,

289 472 504 507 Lacrimando
532 483 567 505 se
590 474 770 514 pulsantem
998 473 1117 514 Regem
1139 474 1244 513 ipsum
1267 473 1450 513 ignorantes

339 521 439 563 Tunc,
467 530 537 553 cum
562 521 665 562 gallus
692 520 817 554 cecinit.
1047 521 1261 562 supernorum
1287 521 1412 553 civium.

235 579 266 611 5.
294 578 369 611 Vidi
394 588 501 611 coram
524 579 690 620 tribunali,
917 578 973 612 12.
1000 578 1075 610 Vidi
1100 581 1178 610 tunc
1199 586 1251 610 me
1276 578 1426 620 desolari,

292 625 390 664 Quem
412 626 553 667 figebant
577 628 675 658 testes
700 625 786 666 mali,
999 625 1102 658 Nimis
1130 626 1227 658 corde
1253 627 1435 658 conturbari

291 674 355 706 Pro
381 682 534 714 responso
561 674 657 714 quali,
680 674 767 713 quali
997 673 1042 706 Et
1064 673 1201 707 Iohanni
1227 674 1457 715 commendari;

336 721 444 762 Alapa
467 721 683 757 contunditur.
1045 721 1147 754 Dolor
1170 730 1221 753 me
1245 721 1494 757 transverberat,

232 779 263 812 6.
292 778 370 811 Vidi
396 780 502 812 Iesum
527 777 693 820 flagellari,
917 779 970 812 13.
998 778 1074 810 Vidi
1098 779 1197 811 solem
1219 778 1391 819 obscurari,

287 825 371 867 Heu,
400 827 500 868 spinis
528 827 683 867 coronari,
997 825 1130 858 Terram
1155 826 1248 858 nimis
1275 826 1487 867 conquassari,

290 873 461 907 Illudendo
486 873 713 915 blasphemari,
997 873 1205 906 Monumenta
1229 875 1366 906 reserari

337 922 445 954 Meum
473 922 597 955 dulcem
619 921 729 954 filium.
1044 921 1151 953 Morte
1176 922 1276 953 dulcis
1298 921 1367 955 filii.

228 980 262 1012 7.
287 979 365 1011 Vidi
394 988 463 1011 eum
490 977 713 1021 deformatum,
917 977 970 1011 14.
1001 978 1074 1009 Vidi
1102 978 1141 1009 de
1167 986 1260 1009 cruce
1284 978 1443 1010 sublatum

286 1028 349 1059 Per
379 1025 506 1068 flagella
530 1030 721 1059 maceratum
995 1025 1089 1057 Vitae
1113 1023 1232 1057 fontem
1257 1026 1304 1057 sic
1329 1024 1496 1066 fuscatum,

290 1074 436 1107 Pondere
462 1074 564 1106 crucis
589 1076 754 1115 gravatum
996 1072 1202 1105 Monumento
1228 1077 1304 1105 tuuc
1326 1073 1461 1115 illatum,

336 1122 441 1154 Dorso
469 1123 536 1154 eius
561 1122 704 1161 proprio.
1042 1121 1142 1160 Quem
1166 1121 1285 1162 Ioseph
1308 1121 1500 1154 recondidit.

226 1180 257 1213 8.
292 1179 363 1212 Vidi
386 1179 490 1211 Iesum
516 1179 648 1221 spoliari
919 1177 973 1211 15.
1000 1177 1075 1209 Vidi
1102 1176 1263 1210 Christum
1295 1181 1523 1222 resurgentem,

284 1226 330 1260 Et
353 1227 387 1259 in
411 1236 505 1259 cruce
527 1226 698 1269 sublevari,
997 1225 1144 1259 Claustra
1159 1225 1271 1258 mortis
1284 1224 1522 1267 infringentem,

286 1274 359 1308 Tali
384 1283 471 1307 more
495 1273 700 1307 condemnari
994 1273 1237 1313 Protoplaustos
1260 1274 1449 1307 liberantem

335 1324 399 1356 Pro
424 1323 535 1355 mundi
561 1322 756 1354 criminibus.
1041 1319 1161 1353 Fracto
1186 1322 1298 1354 mortis
1323 1322 1460 1355 vinculo.

226 1381 259 1413 9.
286 1380 362 1414 Vidi
386 1380 492 1413 Iesum
518 1380 701 1419 exaltatum,
913 1378 969 1411 16.
997 1377 1072 1410 Vidi
1099 1379 1201 1410 caelos
1228 1379 1502 1419 conscendentem,

283 1428 397 1461 Dumis
424 1431 521 1468 caput
545 1430 738 1466 coronatum,
993 1426 1123 1458 Portam
1145 1427 1233 1466 regni
1251 1426 1313 1459 iam
1332 1427 1523 1466 pandentem

284 1477 385 1509 Latus
409 1485 534 1508 sacrum
561 1473 769 1518 perforatum,
994 1473 1037 1506 Et
1062 1474 1103 1507 ad
1130 1475 1227 1506 vitam
1252 1484 1309 1506 nos
1335 1478 1500 1508 vocantem

333 1526 437 1565 Aqua,
463 1523 593 1565 sanguis
617 1521 791 1564 profluunt.
1039 1521 1077 1554 In
1104 1521 1185 1554 caeli
1209 1522 1340 1562 palatio.

567 1582 621 1615 17.
649 1580 743 1612 Nunc
764 1582 797 1611 te
813 1588 901 1622 rogo,
927 1582 1030 1612 mater
1050 1579 1178 1619 Christi,

646 1628 712 1660 Fer
736 1627 894 1660 medelam
918 1627 996 1659 mihi
1021 1626 1107 1659 tristi

649 1676 740 1717 Eius,
766 1684 860 1716 quem
885 1677 973 1708 caste
993 1675 1179 1718 concepisti,

696 1724 750 1757 Sic
775 1721 863 1756 facta
886 1724 1048 1757 memoria.

295 1802 374 1830 Orat.
389 1810 442 1829 ms.
458 1809 534 1829 saec.
551 1798 594 1827 15.
630 1799 699 1827 Cod.
714 1799 866 1827 Mantuan.
879 1799 906 1827 E
920 1800 936 1828 1
950 1797 994 1827 27.
1010 1815 1021 1820 -
1039 1816 1045 1819 -
1060 1798 1087 1836 5,
1102 1797 1120 1826 2
1134 1799 1292 1836 fingebant.
1312 1819 1315 1822 -
1359 1800 1384 1835 7,
1396 1798 1414 1829 3
1424 1800 1519 1828 Pondf

208 1842 302 1869 crucis
324 1841 526 1878 aggravatum.
548 1853 586 1858 -
619 1835 647 1872 9,
666 1837 687 1866 4
706 1838 792 1873 Aqua
811 1841 841 1866 et
860 1839 990 1875 sanguis.
1009 1853 1047 1858 -—
1068 1836 1113 1873 14,
1136 1837 1151 1866 1
1172 1838 1208 1866 de
1227 1847 1313 1867 cruce
1331 1841 1410 1867 tune.

583 1963 643 1995 163.
673 1961 823 1995 Planctus
843 1962 959 1994 beatae
978 1960 1098 1993 Mariae
1116 1961 1151 1993 V.

226 2046 257 2080 1.
284 2045 381 2086 Virgo
405 2045 537 2086 plorans
562 2043 661 2077 filium
910 2046 941 2077 2.
968 2043 1015 2075 Te
1040 2042 1074 2075 in
1101 2051 1195 2076 cruce
1219 2043 1313 2076 video

282 2095 419 2127 Ductum
446 2093 488 2126 ad
513 2093 723 2135 supplicium:
968 2091 1083 2124 Fixum
1109 2091 1199 2125 clavo
1224 2090 1340 2133 ferreo,

282 2142 354 2186 Dic,
382 2151 400 2175 o
425 2151 484 2174 rex
505 2141 683 2183 humilium,
966 2139 1070 2172 Dulce
1093 2138 1151 2182 fili,
1178 2139 1290 2180 defleo,

328 2189 405 2233 Fili,
433 2189 511 2231 quid
536 2188 651 2232 fecisti,
1016 2187 1129 2221 Dulcis
1155 2197 1244 2221 amor
1265 2195 1364 2219 meus.

281 2239 363 2280 Quia
387 2246 464 2280 gens
488 2237 666 2278 incredula,
966 2236 1063 2278 Ecce,
1089 2239 1193 2269 mater
1216 2236 1344 2274 misera,

280 2288 421 2321 Mordax
448 2286 535 2320 velut
558 2286 671 2327 vipera
971 2287 1057 2325 Quae
1082 2288 1114 2317 te
1139 2292 1272 2325 parvum
1298 2287 1410 2316 tenera

279 2337 326 2370 Te
351 2335 452 2369 traxit
473 2335 515 2368 ad
540 2334 670 2368 vincula
970 2333 1115 2366 Nutrivit
1139 2334 1180 2365 ad
1204 2332 1315 2370 ubera,

328 2384 374 2418 Et
399 2392 526 2417 crucem
552 2382 690 2416 subisti?
1017 2381 1084 2415 Fili
1106 2382 1161 2422 mi,
1186 2389 1203 2412 o
1229 2380 1333 2412 Deus!
