1651 2606
726 121 961 157 -95—

202 215 258 250 11.
286 217 310 250 O
334 224 424 260 crux,
444 226 525 258 quae
542 218 589 251 sic
604 218 814 260 praedicaris,
887 220 940 253 12.
968 220 992 253 Ο
1016 227 1102 261 crux,
1129 217 1190 257 fac,
1217 221 1253 250 ut
1278 218 1471 259 configamur

283 264 352 297 Fac
377 274 434 298 nos
459 264 587 298 fletibus
612 267 728 300 amaris
968 267 1042 300 Tibi
1069 266 1257 307 Christoque
1281 267 1448 306 iungamur

333 311 480 346 Perfecte
505 315 614 354 culpas
640 315 803 355 plangere,
1018 315 1211 348 Commortui
1234 313 1408 346 sceleribus

285 360 406 393 Absint
429 361 522 403 livor,
549 362 649 404 rixae,
675 363 787 401 scelus,
971 363 1015 395 Et
1037 362 1154 396 amoris
1179 361 1228 394 sui
1254 361 1352 394 clavis

286 408 424 448 Torpor,
441 409 544 453 luxus,
564 408 653 442 fraus
671 413 703 442 et
718 411 815 453 zeluS,
971 411 1114 443 Tueatur
1136 418 1194 442 nos
1219 418 1239 441 a
1262 409 1373 449 pravis

333 455 384 488 Da
409 460 513 489 motus
537 457 606 489 irae
630 455 779 497 frangere
1017 457 1143 490 Affectu
1168 459 1200 488 et
1223 456 1383 497 operibus,

285 503 331 535 Et
355 504 490 536 virtutes
513 504 546 536 in
572 514 629 536 nos
650 505 748 548 large,
973 504 1018 539 Ut
1042 504 1163 537 viventi
1188 505 1391 537 convivamus

286 550 312 583 O
338 552 374 582 tu
398 560 520 583 summe
544 554 640 595 sator,
666 561 793 593 sparge,
970 553 1015 585 Et
1037 552 1213 593 laudemus,
1239 561 1330 592 quem
1357 560 1489 584 amamu<

332 598 379 630 Te
405 598 484 631 dans
506 599 540 631 in
564 607 658 631 cruce
675 603 817 640 tangere.
1021 601 1097 633 Cum
1122 601 1241 632 sanctis
1257 600 1290 631 in
1308 599 1499 634 aetheribus,

267 682 347 711 Orat.
370 691 423 712 mu.
445 683 634 713 Lehniuense
654 686 725 712 anni
747 682 828 713 1518.
870 684 938 713 Ood.
958 685 1125 714 Berolinen.
1146 683 1171 713 4‘
1199 682 1244 714 29.

664 834 710 866 75.
743 835 787 866 De
808 835 919 866 saneta
939 834 1042 866 Gruce.

206 922 238 955 1.
264 922 346 963 Ave,
372 925 504 955 sanctae
528 923 631 955 crucis
655 924 789 964 signum,
891 924 921 956 3.
946 923 1008 955 Per
1032 925 1066 954 te
1088 923 1182 955 homo
1207 926 1378 956 renovatur

264 969 356 1008 Quod
382 968 472 1002 fuisti
497 969 583 1003 ferre
610 970 738 1010 dignum
948 970 993 1002 Et
1015 970 1084 1003 Deo
1111 970 1346 1012 reconciliatur,

314 1018 514 1050 Salvatorem
539 1018 688 1058 omnium,
948 1018 1033 1050 Dum
1059 1020 1206 1050 extensus
1229 1018 1262 1050 in
1288 1021 1320 1050 te
1343 1018 1430 1050 Deus

265 1065 363 1098 Cuius
387 1063 582 1106 triumphale
607 1066 731 1105 signum
948 1065 1050 1098 Morti
1075 1065 1169 1099 datur
1193 1065 1280 1098 velut
1304 1074 1389 1099 reus.

264 1112 430 1146 Excludat
455 1110 598 1157 [ab]hinc
622 1114 805 1154 malignum,

264 1160 469 1193 Debellatum
495 1169 555 1200 per
577 1160 747 1201 benignum

311 1208 417 1240 Iesum
444 1208 605 1241 Christum
627 1208 806 1241 Dominum.

207 1266 237 1297 2.
265 1265 375 1298 Arbor
401 1265 492 1298 dedit
512 1266 624 1298 mortis
650 1265 763 1305 luctus,

264 1312 375 1345 Arbor
400 1313 502 1345 crucis
527 1313 613 1345 vitae
637 1311 772 1354 fructus,

264 1360 303 1393 In
326 1363 359 1392 te
384 1370 516 1400 prorsus
542 1363 591 1393 est
616 1360 813 1393 confractum
894 1363 926 1395 5.
951 1360 1050 1401 Ergo,
1070 1360 1208 1402 Christe,
1233 1360 1387 1400 splendor
1404 1361 1504 1400 patris

890 1145 924 1177 4.
946 1142 985 1174 In
1009 1144 1043 1174 te
1069 1142 1214 1175 Christus
1239 1151 1298 1174 nos
1321 1142 1470 1182 redemit,

951 1191 988 1222 In
1013 1192 1046 1221 te
1071 1194 1203 1221 mortem
1230 1198 1315 1223 mors
1339 1189 1477 1230 peremit

950 1237 996 1269 Et
1020 1238 1106 1269 vires
1130 1237 1215 1270 hosti
1241 1237 1369 1280 ademit,

953 1285 1047 1317 Unde
1072 1286 1136 1317 iam
1158 1293 1193 1316 se
1219 1284 1337 1318 victum
1362 1285 1468 1326 gemit.

267 1407 488 1449 sempiternae
512 1408 624 1440 mortis
643 1412 784 1449 pactum,
952 1408 997 1440 Et
1020 1417 1079 1447 pro
1106 1408 1198 1440 nobis
1223 1408 1269 1440 fili
1294 1409 1416 1448 matris,

265 1455 332 1495 Quo
358 1464 394 1487 se
416 1455 510 1488 homo
534 1456 697 1496 obligavit,
950 1455 1042 1488 Assit
1065 1455 1158 1488 nobis
1183 1455 1244 1488 hoc
1270 1456 1429 1488 munimen

268 1503 346 1536 Cum
372 1505 579 1545 praeceptum
605 1503 747 1537 violavit.
948 1502 993 1535 Et
1019 1503 1164 1544 depellat
1187 1512 1280 1535 omne
1305 1503 1437 1537 crimen.

551 1582 583 1614 6.
610 1581 673 1612 Per
697 1580 757 1611 hoc
782 1579 907 1620 signum
932 1582 1127 1620 terreantur,

609 1627 669 1667 Qui
695 1636 753 1659 nos
779 1635 907 1668 semper
930 1626 1134 1670 infestantur,

608 1675 655 1708 Ut
681 1673 803 1707 confusi
830 1676 916 1708 cruci
941 1675 1068 1716 cedant,

608 1722 658 1755 Ne
682 1732 740 1755 nos
764 1732 865 1763 prava
890 1722 1005 1755 fraude
1022 1723 1164 1756 laedant.

272 1808 354 1836 Orat.
376 1817 431 1837 ms.
450 1808 641 1836 Trudonense
664 1816 741 1836 saec.
764 1806 806 1836 16.
828 1809 868 1837 in.
902 1808 973 1837 Coti.
993 1808 1135 1837 Leodien.
1155 1806 1220 1837 395.

663 1958 710 1989 76.
744 1957 787 1989 Dc
807 1957 922 1990 sancta
940 1957 1044 1990 Gruce.

210 2050 243 2082 1.
271 2049 409 2083 Sanctae
434 2048 535 2081 crucis
560 2049 690 2089 lignum,
718 2048 800 2090 vale,
895 2050 927 2083 2.
954 2048 1034 2090 Ave,
1060 2048 1180 2090 lignum
1207 2049 1378 2088 singulare,

268 2099 359 2130 Inter
382 2097 470 2138 ligna
493 2097 616 2129 nullum
647 2097 710 2129 tale
956 2096 1095 2136 Caelum,
1123 2098 1239 2128 terram
1270 2092 1394 2140 [atque]
1423 2104 1510 2127 mare

316 2145 457 2184 Fronde,
484 2143 572 2187 flore,
599 2145 759 2187 germine3
1003 2144 1225 2178 continentem
1252 2144 1403 2186 contines,

268 2193 406 2236 Lignum
415 2201 552 2233 sacrum,
565 2192 684 2232 lignum
699 2197 825 2233 gratum
953 2192 1054 2225 Melle
1074 2191 1200 2224 stillans
1228 2191 1336 2224 dulces
1361 2190 1463 2232 favos,

266 2242 312 2275 Et
338 2252 356 2274 a
381 2241 451 2274 Deo
478 2244 696 2273 consecratum
954 2240 1057 2273 Dulce
1081 2241 1212 2281 lignum,
1240 2239 1349 2272 dulces
1376 2239 1492 2278 clavos,

311 2288 540 2332 Redemptoris
566 2288 730 2329 sanguine.
1001 2288 1105 2321 Dulce
1129 2288 1254 2328 pondus
1280 2286 1428 2321 sustines

270 2367 351 2396 Orat.
373 2376 426 2395 ms.
447 2366 628 2403 Tegurinum
647 2373 724 2394 saec.
747 2363 790 2393 15.
814 2365 888 2393 Olm.
910 2366 1065 2393 Monacen.
1089 2362 1189 2392 19356.
