1651 2606
722 93 958 137 „27—

196 195 249 230 13.
276 197 301 230 O
323 198 451 231 sarcina
475 199 675 241 suavissima,

323 245 407 277 Mihi
434 251 595 290 coaptare,

276 293 315 325 In
341 303 412 326 mea
437 304 567 334 prorsus
593 296 708 336 anima,

328 341 428 380 Quam
449 343 550 375 dulcis
576 344 631 384 sis,
658 352 788 385 appare.

196 407 253 440 14.
281 407 307 440 Ο
333 417 431 450 sapor
454 410 555 442 omnis
584 411 716 451 gratiae,

327 456 365 488 In
390 465 440 488 me
466 458 545 489 velis
570 465 717 497 pausare,

277 503 414 547 Mecum,
439 513 562 548 precor,
589 505 685 537 hodie

326 551 372 582 Et
396 560 521 591 semper
545 560 751 584 commorare.

205 617 258 651 15.
285 617 345 656 Qui
370 621 402 649 te
425 626 516 650 meae
540 618 696 651 formulae

325 664 477 705 Dignaris
502 664 712 709 conformare,

276 712 413 745 Animae
438 713 478 744 da
503 714 658 746 tremulae

324 759 371 792 Te
396 760 512 792 leniter
536 763 687 796 tractare.

196 826 253 859 16.
279 825 379 858 Totus
404 827 437 859 in
462 836 514 859 me
538 827 656 872 labere,

325 874 434 907 Omnis
459 873 531 907 fons
558 875 707 915 dulcoris,

276 920 323 954 Ut
346 925 379 953 te
403 925 539 965 portem,
565 925 686 963 patere,

323 969 401 1002 Flos
425 970 508 1001 rosei
534 970 667 1002 decoris.

195 1035 247 1067 17.
276 1035 329 1068 Ad
357 1036 425 1067 veri
450 1036 526 1067 solis
552 1035 677 1068 radium

323 1083 371 1114 Te
396 1084 495 1126 aperi,
525 1092 579 1116 cor
603 1092 718 1122 meum,

273 1130 433 1169 Expande
458 1130 523 1162 late
549 1131 702 1172 gremium

321 1177 527 1210 Praesentem
554 1177 674 1210 habens
691 1178 803 1212 Deum.

194 1244 249 1278 18.
276 1245 323 1276 Te
347 1245 426 1276 meis
451 1244 486 1276 in
510 1244 662 1286 brachiis,

320 1291 448 1324 Dilecte
471 1292 525 1332 mi,
549 1293 725 1333 amplector

274 1340 320 1371 Et
343 1340 420 1371 totis
444 1348 485 1371 ex
504 1340 705 1380 praecordiis

319 1386 394 1418 Tibi
418 1387 631 1419 condelector.

191 1444 244 1477 19.
271 1444 324 1476 Ad
351 1447 416 1476 tam
444 1444 568 1476 dulcem
594 1446 730 1485 gratiam

318 1491 374 1523 Me
398 1494 500 1524 totum
528 1493 686 1533 distendo,

272 1540 305 1572 Si
331 1542 436 1572 tamen
462 1540 650 1580 patientiam

316 1587 417 1619 Tuam
443 1597 506 1619 non
529 1587 665 1620 offendo.

188 1645 243 1677 20.
271 1644 343 1676 Non
371 1645 467 1677 debet
490 1647 546 1677 tua
570 1644 696 1677 bonitas

319 1692 451 1725 Inanem
475 1702 527 1724 me
551 1693 698 1736 transire,

273 1739 349 1779 Sed,
375 1748 458 1780 quae
481 1740 526 1772 sit,
547 1744 604 1773 tua
627 1741 741 1783 pietas,

320 1787 388 1819 Fac
412 1796 463 1820 me
486 1789 581 1828 plene
605 1789 733 1820 sentire.

185 1846 242 1878 21.
271 1846 372 1878 Tuum
399 1847 442 1879 ad
467 1846 685 1885 pectusculum

317 1893 374 1925 Me
398 1897 497 1926 totum
523 1893 660 1938 inflecto,

269 1941 334 1974 Ubi
361 1942 454 1974 dulce
479 1943 620 1974 osculum

317 1988 459 2022 Daturus
485 2000 552 2022 sum
581 1990 709 2026 dilecto,

189 2048 245 2080 22..
273 2047 371 2079 Cordi
396 2056 465 2079 meo
491 2047 655 2087 proximus

318 2094 423 2136 Super
446 2104 497 2126 me
522 2105 669 2137 repausa,

268 2144 340 2176 Non
366 2146 480 2183 gravet
494 2146 538 2184 te,
564 2144 650 2185 quod
668 2143 800 2185 agimus,

316 2192 395 2224 Cum
420 2194 454 2223 tu
479 2191 523 2223 sis
548 2192 580 2224 in
608 2200 710 2225 causa.

182 2251 238 2283 23.
264 2251 354 2283 Tuae
378 2252 485 2290 grates
511 2248 634 2289 gratiae

312 2296 431 2330 Refero
459 2297 584 2338 dilecte,

263 2347 333 2379 Tua
355 2345 464 2378 fruens
491 2344 582 2385 facie,

311 2394 394 2428 Prae
418 2393 547 2427 milibus
574 2394 683 2429 electe.

868 201 923 234 24.
950 199 1022 232 Non
1047 203 1096 233 est
1120 201 1165 232 tui
1190 201 1311 244 similis,

879 411 935 443 25.

880 620 934 653 26.

879 829 935 863 27.

877 1037 933 1069 28.

878 1245 932 1277 29.

876 1445 931 1478 30.

877 1644 931 1678 31.

874 1847 929 1879 32.

877 2048 931 2081 33.

876 2251 933 2283 34.

1006 247 1119 280 Dulcis
1145 251 1177 280 et
1204 249 1349 290 decorus,

960 294 1130 338 IucunduS,
1158 295 1315 339 amabilis,

1009 344 1105 383 Quem
1130 344 1241 376 laudat
1262 344 1342 376 caeli
1363 343 1487 378 choruS.

959 409 1057 448 Quam
1068 419 1209 451 magnus,
1221 420 1313 451 quam
1322 411 1486 454 parvulu5‚

1010 457 1107 497 Quam
1131 461 1239 498 tener,
1264 467 1357 498 quam
1384 456 1485 497 fortis,

960 504 1009 536 Tu
1036 505 1191 545 dominus,
1217 509 1252 537 tu
1277 505 1423 547 famulus,

1008 552 1057 584 Tu
1084 562 1211 585 consors
1236 556 1364 585 nostrae
1381 553 1486 586 sortis.

960 618 1058 652 Modo
1084 623 1116 651 te
1140 620 1306 652 deosculor

1006 666 1052 698 Et
1074 667 1216 700 brachiis
1241 667 1427 707 amplector,

961 712 1097 746 Afficior
1121 718 1153 746 et,
1176 715 1319 755 gratulor

1006 761 1051 793 Et
1074 762 1245 802 plurimum
1272 762 1423 796 delector.

960 827 1063 869 Super
1087 829 1147 860 hoc
1171 830 1388 870 pectusculum

1009 875 1051 908 Os
1076 884 1113 908 ac
1139 877 1258 908 vultum
1282 885 1375 916 pono,

959 922 1038 962 Figo
1064 923 1178 954 mentis
1204 924 1344 956 osculum

1007 970 1054 1001 Te
1078 979 1186 1002 amans
1212 971 1309 1002 corde
1332 978 1442 1010 prono.

961 1035 1092 1074 Quando
1118 1036 1178 1068 hoc
1204 1045 1335 1070 caruero

1008 1083 1222 1116 Conturbatus
1248 1092 1348 1124 gemo,

958 1130 1085 1163 Mecum
1110 1131 1196 1163 intus
1222 1130 1360 1173 confero,

1006 1179 1053 1210 Te
1070 1178 1148 1211 mihi
1174 1180 1266 1211 tollet
1289 1187 1392 1211 nemo.

960 1245 994 1277 Si
1017 1247 1053 1276 tu
1077 1246 1125 1277 vis
1152 1245 1336 1284 abscedere,

1006 1292 1096 1324 Tunc
1118 1301 1169 1324 me
1194 1293 1279 1334 cogis
1304 1291 1392 1333 flere,

960 1338 1038 1371 Peto
1062 1341 1106 1380 te,
1132 1349 1191 1371 rex
1215 1340 1344 1383 gloriae,

1005 1387 1130 1419 Mecum
1156 1396 1355 1428 permanere.

957 1443 1004 1476 Te
1028 1453 1112 1476 nunc
1133 1444 1219 1476 inter
1245 1444 1384 1482 brachia,

1006 1491 1142 1531 Dilecto„
1170 1491 1362 1532 constringo,

958 1540 1085 1572 Amoris
1111 1539 1191 1571 haec
1215 1539 1335 1572 indicia

1005 1586 1075 1618 Nec
1098 1587 1212 1619 simulo
1237 1595 1297 1619 nec
1320 1586 1415 1628 fingo.

959 1643 1015 1677 Nil
1039 1654 1177 1685 unquam
1200 1645 1284 1678 sensi
1311 1645 1434 1677 dulcius

1005 1691 1075 1724 Nec
1098 1693 1145 1724 ita
1170 1702 1237 1724 sum
1264 1692 1395 1724 affectus

957 1739 1024 1772 Nec
1049 1749 1190 1781 unquam
1216 1740 1384 1773 delicatius

1006 1788 1092 1828 Sum,
1120 1786 1233 1828 fateor,
1259 1787 1409 1820 refectus

956 1847 1074 1878 Amore
1098 1848 1183 1878 totus
1210 1848 1331 1888 aestuo,

1004 1893 1126 1926 Fecisti
1149 1903 1201 1925 me
1225 1894 1351 1934 ardere,

957 1943 1040 1975 Prae
1064 1942 1179 1982 gaudio
1204 1942 1269 1975 iam
1294 1941 1406 1984 defluo,

1002 1989 1074 2021 Non
1101 1998 1229 2030 possum
1255 1999 1305 2021 me
1330 1997 1451 2022 arcere.

959 2048 984 2081 O
1013 2047 1127 2080 decore
1148 2047 1292 2090 parvule,

1004 2095 1081 2127 Flos
1107 2095 1237 2128 nimium
1264 2094 1414 2134 formose,

957 2143 1114 2176 Amabilis
1137 2142 1306 2183 infantule,

1003 2191 1155 2232 Figuram
1180 2200 1292 2231 gerens
1317 2197 1418 2222 rosae.

962 2250 1043 2290 Quid
1068 2250 1154 2282 iaces
1178 2250 1211 2281 in
1237 2248 1361 2281 stabulo

999 2297 1089 2331 Caeli
1111 2294 1309 2338 margarita?

950 2347 988 2380 In
1014 2350 1077 2378 tam
1107 2345 1162 2379 vili
1187 2345 1304 2377 lectulo

996 2395 1046 2427 Tu
1071 2393 1150 2435 quid
1176 2393 1263 2425 iaces
1288 2392 1359 2425 ita?
