1651 2606
637 60 893 96 -130—

130 165 163 197 5.
188 161 271 207 Ave,
297 166 400 196 mater
424 163 497 195 Iesu
523 160 649 198 Christi,
810 158 841 189 6.
869 156 972 188 Iesum
995 153 1100 195 placa,
1128 155 1217 185 tuum
1241 153 1360 192 natum,

189 212 275 251 Quae
299 211 340 243 ad
367 210 472 242 caelos
499 204 721 246 conscendisti,
867 201 1020 234 Nostrum
1046 201 1152 232 solvat
1176 198 1260 239 qnod
1285 199 1423 233 reatum,

188 259 294 290 Morte
319 258 463 298 deposita
488 256 573 287 tristi
869 250 983 282 Pacem
1008 248 1105 279 donet
1130 250 1162 279 et
1188 246 1338 279 ducatum

188 306 235 337 Te
257 305 323 338 filio
347 304 484 337 sociasti.
869 296 922 330 Ad
948 295 1102 328 caelestia
1124 295 1263 327 beatum.

530 359 560 390 7.
588 357 637 389 Sit
660 357 729 388 laus
755 355 842 396 patri
869 363 938 386 cum
963 352 1039 392 filio,

585 404 702 436 Sancto
727 403 822 435 simul
843 401 1012 442 paraclito,

584 451 683 484 Trino
709 453 741 482 et
763 450 820 482 uni
844 449 990 490 Domino,

589 498 650 538 Qui
672 501 786 538 regnat
810 497 879 529 sine
899 497 1047 528 termino.

192 581 276 608 Brev.
302 589 353 607 ms.
379 578 576 615 Raigradense
599 561 626 622 l}
647 578 682 605 Ia
710 575 754 605 17.
781 578 851 605 anni
880 573 962 604 1342.
990 575 1054 604 add.
1076 582 1152 602 saec.
1175 571 1220 602 15.
1260 572 1388 608 Strophe
1408 570 1425 599 6

119 634 197 662 steht
217 635 248 660 in
268 632 318 660 der
339 632 393 660 Hs.
413 630 558 659 zwischen
579 628 597 658 2
616 639 643 657 u.
665 628 683 658 3
708 630 766 657 und
786 630 911 657 zersttirt
934 636 965 655 so
987 628 1039 656 das
1059 627 1227 655 Akrostich.

570 722 630 754 127.
663 723 707 753 De
725 720 851 753 Nomina
870 720 957 752 BMV.

134 795 165 827 1.
191 794 293 834 Ave,
319 793 447 825 luminis
471 794 585 833 imago,
813 792 844 825 3.
871 789 961 826 Rosa
984 791 1118 825 roscida
1137 789 1279 829 ruboris,

194 841 277 873 Vera
301 840 437 873 numinis
462 849 615 882 propage,
870 837 984 873 Rubus
1009 838 1141 877 rubenS,
1166 837 1258 871 rivus
1284 837 1384 878 roris,

239 889 331 921 Felix
355 889 444 928 virgo
468 887 583 928 Maria,
916 884 1018 927 Regis
1043 894 1156 927 regum
1182 885 1285 924 regia,

191 936 278 968 Mira
304 936 392 968 cuius
417 939 602 968 ornamenta
870 933 1009 975 Intacta,
1034 931 1201 975 inviolata,

191 983 335 1023 Exponit
358 991 416 1023 per
441 983 596 1015 elementa
871 980 1036 1024 Ipotheoa,
1063 979 1201 1022 illibata,

239 1030 385 1063 Nominis
409 1030 583 1063 harmonia.
918 1026 1034 1070 Iaspis,
1060 1027 1229 1063 ieonomia.

138 1089 168 1120 2.
195 1083 369 1128 Margarita
391 1088 551 1121 mundans
575 1089 710 1126 mentes,
812 1089 845 1120 4.
870 1085 993 1121 Amans
1019 1087 1147 1127 asylum
1173 1084 1355 1123 ardentum,

196 1131 299 1167 Mater
321 1135 472 1174 mitigans
495 1137 686 1175 maerentes,
871 1133 1059 1168 Animarum
1083 1133 1280 1174 alimentum,

240 1179 304 1216 Mel
328 1182 578 1222 misericordiae,
917 1179 1047 1215 Amoris
1073 1180 1212 1221 alarica3

196 1226 283 1261 Aula
307 1230 391 1273 agni,
419 1227 505 1262 Abel
531 1237 598 1273 ara,
873 1230 927 1262 Ad
952 1237 1092 1261 amorem
1117 1228 1273 1271 amatoris

193 1273 302 1309 Arbor
327 1276 476 1310 auferens
501 1284 621 1317 amara,
875 1277 935 1309 Tui
959 1280 1030 1309 tuos
1056 1277 1167 1309 mortis
1194 1276 1280 1308 horis

242 1321 321 1357 Ales
346 1325 526 1358 alimoniae.
921 1324 1027 1356 Trahe
1054 1324 1156 1356 duleis
1179 1323 1294 1357 amica.

207 1389 276 1416 Cod.
296 1390 415 1417 Trecen.
436 1389 483 1424 (ol.
506 1387 710 1423 claravallen.)
733 1387 815 1417 1612.
836 1397 910 1418 saec.
934 1387 977 1417 15.

471 1480 532 1512 128.
565 1481 609 1512 De
629 1480 754 1512 Nomine
774 1482 888 1514 beatae
908 1481 1027 1513 Mariae
1046 1481 1082 1513 V.

140 1544 172 1575 1.
199 1542 237 1573 ln
262 1541 419 1581 adplausu
441 1542 573 1581 virginis
819 1544 849 1577 4.
878 1543 970 1576 Idem
994 1547 1087 1575 sonat
1110 1544 1208 1576 maris
1233 1545 1340 1584 stella,

197 1589 280 1621 Novi
303 1589 402 1621 melos
429 1589 575 1620 carminis
879 1591 959 1622 Nam
976 1600 1061 1623 nunc
1074 1594 1171 1634 motu,
1191 1601 1275 1623 nunc
1287 1593 1431 1633 procella

246 1637 347 1668 Levet
372 1644 427 1667 cor
448 1637 483 1668 in
506 1637 667 1677 gaudium,
925 1638 1070 1671 Navibus
1095 1639 1315 1681 absconderis,

200 1684 316 1715 Parum
342 1683 444 1715 cernit
467 1684 605 1725 luminis,
878 1686 1017 1727 Surgant
1042 1687 1139 1729 venti,
1166 1688 1288 1728 stipent
1310 1689 1408 1732 bella,

201 1730 261 1769 Qui
284 1730 408 1763 Mariae
431 1731 566 1763 nominis
878 1733 1011 1766 Pietatis
1036 1743 1162 1775 semper
1189 1736 1271 1767 cella

246 1779 375 1818 Ignorat
397 1778 592 1818 mysten'um.
926 1782 1048 1814 Parens
1074 1792 1107 1814 es
1131 1786 1168 1815 tu
1191 1783 1329 1816 miseris.

143 1839 173 1869 2.
200 1835 283 1867 Nam
308 1838 400 1867 sonat
423 1845 562 1868 amarum
588 1846 685 1881 mare,
821 1842 853 1873 5.
878 1840 981 1872 Huius
1005 1838 1171 1873 influentia

201 1882 326 1915 Docens
351 1882 431 1914 nihil
455 1892 512 1916 nos
538 1893 645 1916 amare
880 1887 999 1919 Stellae
1022 1897 1153 1928 magnes
1178 1890 1290 1930 gravia

250 1930 390 1963 Carneae
413 1930 567 1973 libidinis,
927 1934 1042 1967 Trahit
1066 1934 1145 1968 ferri
1170 1938 1327 1977 pondera,

202 1978 294 2010 istud
319 1985 407 2009 mare
431 1987 493 2009 non
519 1987 626 2010 amare
880 1982 934 2014 Sic
957 1982 1082 2014 Mariae
1105 1985 1210 2025 gratia

201 2025 302 2066 Sapit,
329 2025 385 2057 sed
410 2024 442 2056 in
467 2025 538 2065 ipso
565 2026 649 2058 clare
882 2030 988 2062 Corda
1011 2030 1098 2062 levat
1123 2034 1243 2071 gravia.

250 2073 344 2113 Viget
368 2071 438 2104 fons
465 2072 651 2108 dulcedinis,
931 2105 1324 2120 ,,,,,,,,

144 2134 174 2165 3,
202 2130 301 2162 Sonat
323 2130 409 2162 idem
435 2129 572 2172 domina,
821 2134 851 2166 6.
879 2134 1037 2167 Obsoletis
1061 2137 1182 2170 noxiali

203 2178 273 2210 Tua
297 2180 371 2209 sunt
394 2186 466 2209 nam
493 2178 630 2210 culmina
927 2181 1089 2215 Mentibus
1115 2183 1249 2226 fuligine

253 2226 351 2265 Caeli,
375 2228 491 2265 terrae,
513 2226 664 2268 marium,
882 2229 996 2262 Redde
1021 2235 1151 2272 vestem,
1180 2234 1279 2272 virgo,
1307 2237 1428 2268 textam

206 2274 293 2307 Caeli
318 2273 465 2304 substant
488 2273 613 2312 agmina
931 2277 1087 2319 Virginali
1111 2280 1242 2319 vellere,

204 2321 287 2361 Tibi,
314 2320 423 2353 mundi
448 2320 603 2360 machina,
886 2324 1096 2358 Candidatam
1123 2328 1278 2360 victimali

253 2369 354 2401 Tuum
381 2371 456 2401 sunt
477 2369 657 2409 imperium.
930 2372 1022 2406 Mitis
1047 2376 1122 2414 agni
1145 2376 1309 2416 sanguine.
