1651 2606
687 82 925 117 &64—

594 177 640 210 55.
670 177 713 209 De
734 174 882 207 Passione
902 172 1032 206 Domini.

178 238 206 271 1.
231 240 361 280 Plange,
386 239 492 272 fidelis
517 240 631 281 anima,

234 288 347 319 Amica
372 287 474 319 crucis
497 288 617 329 intima,

233 334 335 367 Cerne
359 335 433 367 Iesu
457 334 645 374 gravissima

234 382 406 415 Tormenta
433 381 661 414 crudelissima.

173 439 204 470 2.
231 438 339 479 Geme,
365 439 447 478 dole,
472 438 666 478 paupercula

235 484 385 519 Crucifixi
411 486 576 526 discipula,

230 533 349 572 Plunge
374 532 466 564 nimis
491 534 523 563 et
547 532 631 564 eiula

234 579 352 613 Christi
374 581 532 611 tormenta
555 579 690 620 singula.

175 638 206 669 3.
234 637 335 670 Cerne
358 637 431 669 Iesu
457 637 609 677 convicia,

230 684 274 715 Et
299 683 405 716 valida
429 684 596 727 supplicia,

230 732 318 763 Inter
342 730 442 770 ipsius
465 731 596 764 brachia

231 778 353 817 Quaere
376 781 432 811 tua
455 778 583 814 solacia.

173 834 205 868 4.
230 835 373 867 Attende
397 838 492 876 caput
514 836 668 877 inclitum,

236 882 368 914 caesum
393 885 426 915 et
449 884 551 922 sputis
575 884 701 928 illitum,

233 930 295 961 Pro
320 932 352 961 te
376 929 510 971 flagellis
536 931 708 974 subditum,

230 976 331 1009 Morti
356 978 458 1009 crucis
484 978 669 1018 expositum.

176 1034 206 1066 5.
233 1034 337 1066 Iesum
361 1034 523 1076 plagatum
549 1036 658 1070 videas

231 1081 277 1113 Et
303 1090 372 1113 oum
399 1083 526 1114 dolente
554 1084 671 1128 doleas,

232 1128 283 1160 Ibi
309 1136 363 1160 cor
385 1132 474 1161 tuum
498 1130 627 1175 habeas,

233 1176 280 1208 Ut
300 1177 334 1209 in
358 1180 521 1209 aeternum
545 1180 693 1219 gaudeas,

176 1233 206 1264 6.
232 1232 286 1264 Ad
310 1233 493 1266 crucifixum
518 1244 666 1277 propera,

235 1279 337 1312 Cerne
363 1281 468 1314 clavos
495 1285 527 1314 et
551 1283 693 1323 vulnera,

231 1326 355 1360 Nervos
380 1330 487 1360 tensos
513 1332 545 1361 et
568 1330 700 1371 viscera,

233 1374 348 1414 Venas,
375 1384 447 1408 ossa
472 1384 649 1411 conumera.

178 1430 210 1461 7.
236 1431 357 1471 Plange
380 1432 523 1465 membra
547 1435 729 1477 pendentia,

238 1478 275 1510 In
302 1487 394 1510 cruce
419 1482 483 1512 tam
510 1481 659 1524 dolentia,

234 1526 297 1557 Pro
322 1527 355 1557 te
378 1536 497 1566 poenas
522 1527 659 1561 ferentia

234 1573 272 1605 In
296 1576 385 1606 tanta
408 1574 573 1614 patientia.

177 1630 209 1663 8.
236 1630 377 1662 Attende
401 1631 463 1664 Dei
487 1631 598 1672 filium,

234 1676 273 1708 In
300 1686 392 1709 cruce
415 1682 482 1711 tam
505 1680 691 1724 propitium,

237 1724 336 1756 Fudit
361 1734 504 1758 cruorem
529 1729 693 1768 proprium

238 1771 306 1803 Nec
331 1772 437 1805 timuit
462 1776 680 1814 opprobrium.

178 1833 209 1866 9.
235 1830 377 1862 Attende
401 1831 486 1863 rivos
511 1832 682 1874 sanguinis,

238 1878 334 1917 Quem
360 1876 444 1910 fudit
467 1880 573 1920 proles
597 1880 739 1923 virginis,

232 1927 332 1965 Iesus,
358 1924 429 1957 fons
454 1927 523 1958 veri
546 1927 684 1969 luminis,

233 1972 344 2006 Dulcis
370 1977 492 2006 amator
516 1974 661 2009 hominis.

166 2032 219 2065 10.
235 2031 355 2070 Plange
380 2031 479 2070 pedes
505 2032 666 2074 amabiles,

237 2080 368 2117 Fossos,
392 2078 427 2110 in
453 2086 546 2110 eruce
569 2079 711 2122 stabiles,

236 2126 281 2159 Et
305 2134 416 2158 manus
440 2126 640 2159 venerabiles

234 2172 311 2207 Iesu
336 2173 575 2209 desiderabiles.

168 2232 357 2267 11.Pedum
383 2230 502 2263 fixuras
527 2231 636 2272 aspice

235 2280 280 2312 Et
305 2288 453 2312 manuum
477 2287 540 2311 non
565 2280 700 2321 modice,

236 2329 283 2360 Te
308 2325 457 2360 crucifixo
484 2327 576 2359 adice

237 2376 354 2409 Bibens
381 2375 491 2411 eodem
512 2376 619 2411 calice.

854 235 908 267 12.

853 434 907 466 13.

853 634 907 667 14.

853 835 907 867 15.

853 1034 907 1068 16.

854 1234 906 1266 17.

855 1434 910 1466 18.

855 1634 909 1667 19.

855 1835 910 1869 20.

856 2035 912 2068 21.

859 2236 915 2269 22.

934 235 1057 273 Plange
1081 235 1165 266 latus
1193 231 1385 265 dominicum

937 280 1088 314 Crucifixi
1113 280 1293 319 mirificum,

933 330 997 362 Pro
1022 330 1055 360 te
1078 336 1210 368 passum
1225 335 1289 359 non
1305 324 1466 357 modicum

933 376 1033 408 Fudit
1058 383 1163 408 rorem
1188 372 1376 407 salvificum.

935 434 969 466 Si
995 432 1180 465 crucifixum
1204 430 1358 470 sequeris,

936 482 1001 515 Cur
1024 481 1086 512 sibi
1111 488 1175 512 non
1201 475 1418 518 compateris?

936 529 1038 569 Surge
1063 528 1136 568 cito,
1162 536 1203 559 ne
1228 526 1366 568 steteris,

935 577 1052 609 Curras
1078 575 1120 609 ad
1144 575 1273 616 plagam
1297 572 1419 607 lateris.

938 634 989 667 Ibi
1013 634 1117 666 latens
1142 631 1352 673 abscondere,

934 682 968 715 Si
993 681 1042 714 vis
1066 682 1201 714 mortem
1227 679 1375 719 evadere,

932 731 980 763 Ut
1002 730 1107 769 possis
1131 728 1256 760 hostem
1280 726 1410 759 vincere

932 777 976 809 Et
1000 777 1033 808 in
1056 779 1220 808 aeternum
1246 774 1365 808 vivere.

934 836 971 867 In
997 837 1062 866 tam
1087 831 1325 866 venerabilibus

934 881 1085 915 Crucifixi
1111 881 1297 912 vulneribus

934 930 1034 963 Stude
1057 930 1119 961 tibi
1143 936 1202 969 pro
1227 927 1361 968 viribus,

934 977 968 1010 Si
992 978 1039 1010 vis
1064 976 1130 1009 frui
1155 975 1356 1008 caelestibus.

934 1034 1078 1067 Attende
1104 1033 1265 1067 Christum
1290 1032 1439 1074 nobilem,

935 1081 1128 1116 Crucifixum
1151 1080 1341 1120 mirabilem,

933 1130 1078 1162 Stantem
1102 1131 1135 1162 in
1160 1137 1255 1160 cruce
1278 1126 1432 1168 flebilem,

933 1177 1029 1218 Quasi
1053 1177 1181 1217 leproso
1206 1176 1352 1209 similem.

934 1235 1038 1268 Cerne
1061 1235 1183 1267 vultum
1209 1236 1242 1265 et
1266 1234 1375 1265 oculos

932 1283 978 1315 Et
999 1282 1206 1314 lacrimarum
1231 1280 1362 1321 rivulos,

936 1330 970 1363 Si
995 1329 1043 1361 vis
1069 1328 1155 1361 ferre
1179 1328 1360 1368 manipulos

932 1377 976 1409 Et
999 1376 1221 1409 thesaurorum
1250 1376 1403 1408 cumulos.

937 1433 1020 1466 Vide
1043 1434 1183 1474 linguam
1208 1433 1353 1465 totaliter

935 1481 1150 1515 Amarizatam
1176 1481 1327 1521 graviter,

934 1531 1036 1570 Quam
1059 1533 1168 1562 teneas
1193 1528 1378 1561 memoriter

934 1577 979 1609 Et
1002 1585 1110 1608 secum
1136 1576 1209 1609 dole
1233 1576 1367 1618 pariter.

936 1635 985 1666 Tu
1011 1633 1161 1666 crucifixo
1186 1634 1318 1674 iungere

934 1682 981 1714 Et
1004 1682 1115 1714 intime
1141 1684 1331 1721 compatere,

937 1729 1033 1770 Quasi
1056 1729 1211 1769 pendenti
1236 1730 1368 1769 loquere

936 1777 981 1809 Et
1006 1777 1112 1809 verbis
1137 1777 1209 1809 istis
1233 1779 1342 1809 utere:

937 1834 1049 1867 Dulcis
1071 1834 1155 1875 Iesu,
1182 1842 1239 1867 cur
1264 1835 1398 1866 moreris

934 1882 999 1914 Pro
1025 1881 1171 1922 reprobis
1197 1885 1230 1913 et
1254 1880 1404 1914 miseris?

938 1929 1029 1968 Quod
1052 1932 1089 1961 tu
1113 1930 1147 1961 in
1174 1937 1268 1961 cruce
1291 1929 1426 1970 pateris,

938 1978 1053 2009 Totum
1078 1975 1141 2009 fuit
1164 1986 1224 2017 pro
1251 1978 1378 2011 ceteris.

940 2035 1005 2067 Cur
1029 2034 1152 2074 pendes
1177 2035 1211 2067 in
1235 2036 1381 2076 patibulo

935 2082 1032 2115 Tanti
1057 2082 1174 2114 amoris
1199 2084 1339 2125 stimulo,

936 2130 1053 2162 Mortis
1078 2138 1250 2171 percussus
1274 2132 1379 2165 iaculo

938 2179 1002 2211 Pro
1026 2178 1216 2211 redimendo
1240 2179 1385 2220 populo?

942 2236 1007 2269 Gur
1033 2244 1066 2268 es
1090 2236 1125 2268 in
1151 2244 1246 2268 cruce
1271 2237 1383 2270 sitiens

941 2284 987 2316 Et
1006 2286 1073 2315 tam
1099 2284 1250 2324 despecte
1274 2285 1426 2325 moriens,

940 2331 1024 2371 Iesu,
1046 2330 1117 2364 fons
1142 2331 1343 2373 indeficiens,

942 2378 1002 2419 Qui
1024 2388 1057 2411 es
1082 2377 1246 2421 perfectus
1271 2380 1403 2414 oriens?
