1653 2608
695 104 930 142 ...85-

576 201 623 232 64.
657 200 701 232 Ad
720 200 843 233 Faciem
863 198 1049 232 Salvatoris.

164 271 194 303 1.
222 270 247 303 Ο
274 270 380 302 vultus
405 271 554 304 amabilis

268 317 430 351 Nazareni
452 317 551 359 floris,

222 365 282 405 Qui
306 365 432 399 Mariae
457 367 574 398 totiens

271 413 401 445 delicati
425 414 490 446 oris

224 460 401 502 Suscepisti
425 462 544 501 oscula,

272 508 386 548 plenus
412 518 445 540 es
470 508 634 550 maeroris,

224 555 301 588 Cum
327 564 385 595 per
410 559 505 596 sputa
530 555 690 588 contrahis

268 603 409 636 maculas
435 603 575 636 honoris.

162 661 194 692 2.
221 660 268 691 Te
293 660 410 704 velant,
438 663 471 692 te
492 661 637 692 lacerant

267 716 379 738 manus
403 708 583 750 impiorum,

223 754 339 787 Gravis
365 755 407 787 ad
432 754 605 787 videndum
632 764 665 787 es

272 802 373 834 0011115
399 811 517 847 eorum,

220 850 340 889 Quibus
365 849 472 882 lumen
497 859 630 883 veneras

270 900 436 938 praestare
461 901 653 937 sauctorum,

223 944 414 986 Margarita,
442 946 581 984 claritas,

267 992 421 1032 splendor
445 993 641 1032 angelorum.

853 273 884 305 3.

912 271 1040 303 Vultum
1066 273 1164 311 tuum,
1192 269 1337 309 Domine,

958 318 1036 351 mihi
1063 317 1272 357 contemplari

909 366 1011 398 Dulce
1036 365 1088 407 sit,
1113 366 1246 397 iniurias

956 416 1027 445 tuas
1052 413 1240 454 amplexari,

910 461 994 493 Tuas
1025 461 1231 494 contumelias

957 509 1010 540 hic
1033 508 1263 550 philosophari,

908 556 1028 588 Tribue
1052 555 1209 596 proficere

954 604 988 635 in
1014 603 1074 636 hoc
1099 602 1285 643 exemplari.

909 660 992 699 Quot
1015 661 1166 693 maxillae
1190 659 1294 699 alapis

956 716 1015 747 pro
1040 717 1091 740 1110
1112 707 1286 740 feriuntur!

909 755 992 794 Quot
1021 756 1121 788 verba
1145 755 1363 795 blasphemiae

958 803 1020 834 tuis
1045 803 1234 844 ingeruntur

910 849 1067 882 Auribus!
1108 850 1161 882 Sic
1185 850 1335 889 instruor,

957 906 1027 928 cum
1052 897 1117 930 ista
1140 898 1299 938 leguntur,

908 945 1009 976 Arma
1033 945 1209 983 patientiae

957 991 1034 1022 mihi
1055 994 1287 1032 proponuntur.

226 1057 306 1085 Orat.
325 1066 378 1085 ms.
397 1059 578 1094 Tegurinum
598 1058 669 1085 anni
691 1055 774 1085 1466.
817 1057 890 1084 Clm.
913 1057 1069 1085 Monacen.
1091 1055 1198 1085 19991.

508 1149 554 1181 65.
585 1148 744 1181 Salutatio
769 1148 809 1180 ad
827 1148 949 1180 Faciem
970 1148 1101 1181 Domini.

242 1221 267 1253 O
293 1220 409 1261 regalis
435 1219 531 1253 faciei

242 1267 370 1308 Forma,
396 1278 518 1301 summa
540 1271 669 1301 nostrae
694 1268 774 1309 spei,

242 1316 322 1355 Ave,
349 1317 449 1357 salve,
477 1325 558 1356 quae
584 1320 739 1356 consputa

241 1363 286 1395 Es
311 1372 372 1403 pro
396 1364 489 1396 nobis
515 1366 545 1396 et
571 1364 704 1404 polluta,

209 1435 217 1443 .
243 1411 275 1442 A
299 1410 448 1452 malignis
475 1412 565 1443 caedi
589 1411 686 1451 iussa,

242 1458 382 1498 Alapata
408 1462 440 1491 et
464 1468 627 1499 percussa,

238 1506 360 1546 Foeda,
387 1507 532 1547 sordens,
558 1506 730 1547 maculosa,

186 1412 204 1443 Cf(

242 1553 391 1593 Quamvis
409 1555 542 1586 multum
561 1554 605 1586 sis
622 1552 775 1597 formosa,

240 1601 380 1634 Multum
405 1602 541 1642 pulchra
566 1605 598 1633 et
624 1602 750 1642 decora,

159 1649 214 1682 10.
242 1648 305 1688 Sic,
333 1650 418 1689 quod
439 1650 578 1690 gliscunt
594 1650 680 1682 omni
698 1649 777 1681 hora

248 1696 338 1729 Caeli
363 1698 448 1730 cives
474 1701 508 1729 te
530 1698 679 1740 spectari,

240 1744 291 1776 De
314 1746 348 1776 te
372 1753 496 1786 quoque
520 1745 649 1788 satiari;

242 1793 382 1832 Quorum
406 1802 529 1825 merces
555 1796 588 1825 et
612 1802 729 1825 corona

243 1839 321 1872 Cum
346 1840 401 1882 sis,
429 1841 488 1880 eia,
514 1841 607 1873 nobis
634 1841 717 1873 dona

160 1889 214 1922 15.
241 1888 335 1920 Dona
359 1890 433 1922 tuae
456 1889 598 1931 pietatis,

243 1936 287 1969 Et
312 1945 382 1968 cum
406 1938 487 1979 ipsis
513 1937 670 1970 claritatis

849 1364 905 1396 20.

848 1603 904 1634 25.

848 1841 903 1874 30.

932 1221 1021 1252 Tuae
1045 1221 1118 1252 visu
1142 1219 1356 1261 perfruamur,

932 1268 991 1308 Qui
1017 1270 1049 1299 te
1074 1268 1168 1300 modo
1196 1276 1393 1300 veneramur.

930 1315 1053 1347 Lumen
1079 1316 1185 1348 vultus
1211 1316 1258 1347 tui
1283 1315 1374 1355 signa

933 1362 1036 1404 Super
1060 1372 1129 1407 nos,
1155 1372 1173 1395 o
1198 1365 1233 1395 tu
1257 1363 1403 1404 benigna,

933 1410 957 1443 Ο
983 1410 1122 1443 iucunda
1147 1413 1179 1442 et
1203 1419 1336 1442 amoena

931 1457 1056 1495 Facies,
1088 1459 1203 1490 decore
1227 1458 1332 1501 plena,

931 1505 999 1537 Nos
1026 1505 1186 1546 dignando
1211 1506 1384 1542 illustrare,

930 1552 984 1585 Sic
996 1554 1081 1593 quod
1095 1556 1167 1593 post
1178 1554 1261 1585 hanc
1270 1552 1368 1584 vitam
1379 1552 1466 1585 clare

929 1601 977 1633 Te
1003 1609 1168 1633 cernamus
1193 1602 1227 1633 in
1252 1601 1414 1633 caelorum

930 1648 1039 1687 Regno
1069 1649 1148 1681 socii
1174 1658 1292 1688 eorum,

931 1696 989 1735 Qui
1015 1699 1047 1727 te
1071 1705 1198 1737 semper
1222 1696 1438 1737 speculantur,

929 1743 1089 1786 Laudant,
1116 1745 1148 1776 in
1173 1747 1207 1776 te
1229 1744 1415 1785 gloriantur.

931 1791 1008 1831 Quo,
1023 1794 1068 1831 tn,
1082 1794 1166 1833 Iesu,
1181 1792 1334 1832 splendor
1346 1791 1458 1834 patris,

932 1840 1035 1873 Unice
1058 1840 1184 1873 Mariae
1206 1840 1329 1881 matris,

929 1888 959 1920 A
982 1888 1084 1921 beatis
1109 1888 1264 1932 adoraris,

930 1936 1032 1976 Vivis,
1058 1946 1182 1977 regnas,
1208 1935 1356 1976 gloriaris

581 1985 647 2018 Per
671 1987 803 2017 aeterna
828 1987 860 2016 et
884 1984 1078 2017 immortalia

581 2033 716 2066 Saecula
741 2033 951 2065 saeculorum.

218 2099 299 2127 Orat.
320 2106 374 2127 ms.
394 2099 583 2127 Lehninense
603 2100 674 2127 anni
696 2096 779 2127 1518.
820 2098 890 2127 eod.
911 2098 1079 2126 Berolinen.
1101 2099 1165 2126 ΠΟ
1185 2096 1230 2126 29.

584 2192 629 2224 66.
660 2191 706 2223 Ad
725 2191 822 2223 Latus
843 2189 1034 2223 salvatoris.

149 2256 180 2289 1.
213 2254 319 2296 Salve,
345 2254 442 2296 plaga
466 2257 579 2287 sancta

260 2302 364 2336 nostri
389 2303 614 2345 redemptoris,

213 2351 297 2384 Nam
323 2360 362 2383 ex
387 2354 420 2384 te
445 2350 539 2384 fluxit
563 2349 634 2383 fons

258 2399 344 2433 rosei
369 2400 498 2441 coloris,

901 2251 989 2285 Vera
1011 2252 1173 2285 medicina

950 2300 1049 2332 totius
1078 2300 1197 2333 doloris

901 2349 946 2382 Et
970 2350 1102 2381 aeterna
1127 2347 1253 2388 requies

949 2396 1080 2429 humani
1104 2395 1235 2429 laboris.
