<?xml version="1.0" encoding="UTF-8"?>
<!DOCTYPE html PUBLIC "-//W3C//DTD XHTML 1.0 Transitional//EN"
    "http://www.w3.org/TR/xhtml1/DTD/xhtml1-transitional.dtd">
<html xmlns="http://www.w3.org/1999/xhtml" xml:lang="en" lang="en">
 <head>
  <title>
</title>
<meta http-equiv="Content-Type" content="text/html;charset=utf-8" />
  <meta name='ocr-system' content='tesseract 3.04.00' />
  <meta name='ocr-capabilities' content='ocr_page ocr_carea ocr_par ocr_line ocrx_word'/>
</head>
<body>
  <div class='ocr_page' id='page_1' title='image "./analectahymnica31drevuoft_00036.png"; bbox 0 0 1651 2606; ppageno 0'>
   <div class='ocr_carea' id='block_1_1' title="bbox 675 88 909 124">
    <p class='ocr_par' dir='ltr' id='par_1_1' title="bbox 675 88 909 124">
     <span class='ocr_line' id='line_1_1' title="bbox 675 88 909 124; baseline 0.009 -11"><span class='ocrx_word' id='word_1_1' title='bbox 675 88 909 124; x_wconf 58' lang='grc'>,33-</span> 
     </span>
    </p>
   </div>
   <div class='ocr_carea' id='block_1_2' title="bbox 414 178 1182 268">
    <p class='ocr_par' dir='ltr' id='par_1_2' title="bbox 414 178 1182 268">
     <span class='ocr_line' id='line_1_2' title="bbox 414 178 1182 223; baseline 0.005 -14"><span class='ocrx_word' id='word_1_2' title='bbox 414 178 460 210; x_wconf 83' lang='grc'>27.</span> <span class='ocrx_word' id='word_1_3' title='bbox 491 178 606 221; x_wconf 83' lang='lat' dir='ltr'>Incipit</span> <span class='ocrx_word' id='word_1_4' title='bbox 624 182 774 223; x_wconf 82' lang='lat' dir='ltr'>prologus</span> <span class='ocrx_word' id='word_1_5' title='bbox 791 181 977 223; x_wconf 81' lang='lat' dir='ltr'>rigmaticus</span> <span class='ocrx_word' id='word_1_6' title='bbox 997 180 1031 213; x_wconf 90' lang='grc'>111</span> <span class='ocrx_word' id='word_1_7' title='bbox 1050 181 1182 214; x_wconf 87' lang='lat' dir='ltr'>iubilum</span> 
     </span>
     <span class='ocr_line' id='line_1_3' title="bbox 467 226 1119 268; baseline 0.005 -10"><span class='ocrx_word' id='word_1_8' title='bbox 467 226 602 261; x_wconf 80' lang='lat' dir='ltr'>alaudae</span> <span class='ocrx_word' id='word_1_9' title='bbox 620 230 773 268; x_wconf 76' lang='lat' dir='ltr'>mysticae</span> <span class='ocrx_word' id='word_1_10' title='bbox 792 230 825 262; x_wconf 92' lang='lat' dir='ltr'>in</span> <span class='ocrx_word' id='word_1_11' title='bbox 845 230 967 262; x_wconf 87' lang='lat' dir='ltr'>nomine</span> <span class='ocrx_word' id='word_1_12' title='bbox 988 228 1119 262; x_wconf 81' lang='lat' dir='ltr'><strong>Domini.</strong></span> 
     </span>
    </p>
   </div>
   <div class='ocr_carea' id='block_1_3' title="bbox 152 277 683 645">
    <p class='ocr_par' dir='ltr' id='par_1_3' title="bbox 152 277 544 319">
     <span class='ocr_line' id='line_1_4' title="bbox 152 277 544 319; baseline 0.005 -10"><span class='ocrx_word' id='word_1_13' title='bbox 152 277 181 310; x_wconf 93' lang='lat'>1.</span> <span class='ocrx_word' id='word_1_14' title='bbox 203 277 301 309; x_wconf 86' lang='lat' dir='ltr'>Lucis</span> <span class='ocrx_word' id='word_1_15' title='bbox 326 278 359 310; x_wconf 91' lang='lat' dir='ltr'>in</span> <span class='ocrx_word' id='word_1_16' title='bbox 384 279 544 319; x_wconf 87' lang='lat' dir='ltr'>principio</span> 
     </span>
    </p>

    <p class='ocr_par' dir='ltr' id='par_1_4' title="bbox 256 324 580 365">
     <span class='ocr_line' id='line_1_5' title="bbox 256 324 580 365; baseline 0.012 -9"><span class='ocrx_word' id='word_1_17' title='bbox 256 324 414 365; x_wconf 83' lang='lat' dir='ltr'>Tempore</span> <span class='ocrx_word' id='word_1_18' title='bbox 441 326 580 360; x_wconf 85' lang='lat' dir='ltr'>brumali</span> 
     </span>
    </p>

    <p class='ocr_par' dir='ltr' id='par_1_5' title="bbox 210 371 593 463">
     <span class='ocr_line' id='line_1_6' title="bbox 210 371 531 414; baseline 0.009 -11"><span class='ocrx_word' id='word_1_19' title='bbox 210 371 317 404; x_wconf 84' lang='lat' dir='ltr'>Semel</span> <span class='ocrx_word' id='word_1_20' title='bbox 341 372 389 405; x_wconf 81' lang='lat' dir='ltr'>fui</span> <span class='ocrx_word' id='word_1_21' title='bbox 414 374 531 414; x_wconf 84' lang='lat' dir='ltr'>gaudio</span> 
     </span>
     <span class='ocr_line' id='line_1_7' title="bbox 257 420 593 463; baseline 0.006 -12"><span class='ocrx_word' id='word_1_22' title='bbox 257 420 423 453; x_wconf 88' lang='lat' dir='ltr'>Permotus</span> <span class='ocrx_word' id='word_1_23' title='bbox 444 420 593 463; x_wconf 88' lang='lat' dir='ltr'>spiritali,</span> 
     </span>
    </p>

    <p class='ocr_par' dir='ltr' id='par_1_6' title="bbox 212 467 683 559">
     <span class='ocr_line' id='line_1_8' title="bbox 212 467 601 513; baseline 0.003 -13"><span class='ocrx_word' id='word_1_24' title='bbox 212 467 310 508; x_wconf 84' lang='lat' dir='ltr'>Coepi</span> <span class='ocrx_word' id='word_1_25' title='bbox 335 471 442 500; x_wconf 86' lang='lat' dir='ltr'>mente</span> <span class='ocrx_word' id='word_1_26' title='bbox 463 468 601 513; x_wconf 85' lang='lat' dir='ltr'>volvere,</span> 
     </span>
     <span class='ocr_line' id='line_1_9' title="bbox 258 514 683 559; baseline 0.002 -12"><span class='ocrx_word' id='word_1_27' title='bbox 258 515 341 554; x_wconf 82' lang='lat' dir='ltr'>Quid</span> <span class='ocrx_word' id='word_1_28' title='bbox 365 515 408 547; x_wconf 85' lang='lat' dir='ltr'>sit</span> <span class='ocrx_word' id='word_1_29' title='bbox 432 517 507 555; x_wconf 84' lang='lat' dir='ltr'>post</span> <span class='ocrx_word' id='word_1_30' title='bbox 532 514 683 559; x_wconf 88' lang='lat' dir='ltr'>futurum,</span> 
     </span>
    </p>

    <p class='ocr_par' dir='ltr' id='par_1_7' title="bbox 210 563 617 645">
     <span class='ocr_line' id='line_1_10' title="bbox 210 563 617 603; baseline 0.005 -9"><span class='ocrx_word' id='word_1_31' title='bbox 210 563 362 602; x_wconf 80' lang='lat' dir='ltr'><strong>Quoniam</strong></span> <span class='ocrx_word' id='word_1_32' title='bbox 388 563 449 594; x_wconf 89' lang='lat' dir='ltr'>hoc</span> <span class='ocrx_word' id='word_1_33' title='bbox 472 566 617 603; x_wconf 89' lang='lat' dir='ltr'>tempore</span> 
     </span>
     <span class='ocr_line' id='line_1_11' title="bbox 258 609 604 645; baseline 0.009 -3"><span class='ocrx_word' id='word_1_34' title='bbox 258 609 349 642; x_wconf 83' lang='lat' dir='ltr'>Nihil</span> <span class='ocrx_word' id='word_1_35' title='bbox 375 612 422 641; x_wconf 89' lang='lat' dir='ltr'>est</span> <span class='ocrx_word' id='word_1_36' title='bbox 448 618 604 645; x_wconf 88' lang='lat' dir='ltr'>securum.</span> 
     </span>
    </p>
   </div>
   <div class='ocr_carea' id='block_1_4' title="bbox 151 667 682 1041">
    <p class='ocr_par' dir='ltr' id='par_1_8' title="bbox 151 667 682 1041">
     <span class='ocr_line' id='line_1_12' title="bbox 151 667 504 707; baseline 0 -8"><span class='ocrx_word' id='word_1_37' title='bbox 151 668 183 700; x_wconf 85' lang='lat'>2.</span> <span class='ocrx_word' id='word_1_38' title='bbox 211 667 310 707; x_wconf 86' lang='lat' dir='ltr'>Coepi</span> <span class='ocrx_word' id='word_1_39' title='bbox 334 667 504 707; x_wconf 87' lang='lat' dir='ltr'>pueritiam</span> 
     </span>
     <span class='ocr_line' id='line_1_13' title="bbox 256 714 660 757; baseline 0.005 -11"><span class='ocrx_word' id='word_1_40' title='bbox 256 714 321 746; x_wconf 89' lang='lat' dir='ltr'>Hic</span> <span class='ocrx_word' id='word_1_41' title='bbox 344 717 450 747; x_wconf 85' lang='lat' dir='ltr'>mente</span> <span class='ocrx_word' id='word_1_42' title='bbox 475 719 660 757; x_wconf 87' lang='lat' dir='ltr'>retractare,</span> 
     </span>
     <span class='ocr_line' id='line_1_14' title="bbox 211 762 558 795; baseline 0.003 -1"><span class='ocrx_word' id='word_1_43' title='bbox 211 762 377 795; x_wconf 83' lang='lat' dir='ltr'>Pastorum</span> <span class='ocrx_word' id='word_1_44' title='bbox 403 762 558 795; x_wconf 82' lang='lat' dir='ltr'>laetitiam</span> 
     </span>
     <span class='ocr_line' id='line_1_15' title="bbox 258 810 623 852; baseline 0.008 -11"><span class='ocrx_word' id='word_1_45' title='bbox 258 810 432 850; x_wconf 88' lang='lat' dir='ltr'>Antiquam</span> <span class='ocrx_word' id='word_1_46' title='bbox 454 811 623 852; x_wconf 85' lang='lat' dir='ltr'>ruminare,</span> 
     </span>
     <span class='ocr_line' id='line_1_16' title="bbox 210 857 586 897; baseline 0.008 -8"><span class='ocrx_word' id='word_1_47' title='bbox 210 857 254 889; x_wconf 84' lang='lat' dir='ltr'>Et</span> <span class='ocrx_word' id='word_1_48' title='bbox 279 866 374 897; x_wconf 86' lang='lat' dir='ltr'>quam</span> <span class='ocrx_word' id='word_1_49' title='bbox 398 858 586 892; x_wconf 81' lang='lat' dir='ltr'>transitoria</span> 
     </span>
     <span class='ocr_line' id='line_1_17' title="bbox 260 904 682 948; baseline 0.002 -11"><span class='ocrx_word' id='word_1_50' title='bbox 260 904 309 937; x_wconf 86' lang='lat' dir='ltr'>Sit</span> <span class='ocrx_word' id='word_1_51' title='bbox 332 906 412 938; x_wconf 88' lang='lat' dir='ltr'>haec</span> <span class='ocrx_word' id='word_1_52' title='bbox 436 915 488 938; x_wconf 87' lang='lat' dir='ltr'>res</span> <span class='ocrx_word' id='word_1_53' title='bbox 512 907 682 948; x_wconf 90' lang='lat' dir='ltr'>mundana,</span> 
     </span>
     <span class='ocr_line' id='line_1_18' title="bbox 210 953 605 994; baseline 0 -9"><span class='ocrx_word' id='word_1_54' title='bbox 210 953 255 986; x_wconf 85' lang='lat' dir='ltr'>Et</span> <span class='ocrx_word' id='word_1_55' title='bbox 278 961 372 992; x_wconf 88' lang='lat' dir='ltr'>quam</span> <span class='ocrx_word' id='word_1_56' title='bbox 397 962 479 985; x_wconf 88' lang='lat' dir='ltr'>vana</span> <span class='ocrx_word' id='word_1_57' title='bbox 503 954 605 994; x_wconf 90' lang='lat' dir='ltr'>gloria</span> 
     </span>
     <span class='ocr_line' id='line_1_19' title="bbox 260 999 669 1041; baseline 0.002 -9"><span class='ocrx_word' id='word_1_58' title='bbox 260 999 366 1032; x_wconf 86' lang='lat' dir='ltr'>Corda</span> <span class='ocrx_word' id='word_1_59' title='bbox 392 1004 501 1033; x_wconf 80' lang='lat' dir='ltr'>caecat</span> <span class='ocrx_word' id='word_1_60' title='bbox 523 1001 669 1041; x_wconf 80' lang='lat' dir='ltr'>humana.</span> 
     </span>
    </p>
   </div>
   <div class='ocr_carea' id='block_1_5' title="bbox 154 1057 638 1422">
    <p class='ocr_par' dir='ltr' id='par_1_9' title="bbox 154 1057 638 1422">
     <span class='ocr_line' id='line_1_20' title="bbox 154 1057 564 1097; baseline -0.002 -8"><span class='ocrx_word' id='word_1_61' title='bbox 154 1057 186 1091; x_wconf 86' lang='lat'>3.</span> <span class='ocrx_word' id='word_1_62' title='bbox 214 1057 298 1089; x_wconf 89' lang='lat' dir='ltr'>Puer</span> <span class='ocrx_word' id='word_1_63' title='bbox 322 1059 434 1097; x_wconf 86' lang='lat' dir='ltr'>pastor</span> <span class='ocrx_word' id='word_1_64' title='bbox 459 1057 564 1090; x_wconf 91' lang='lat' dir='ltr'>ovium</span> 
     </span>
     <span class='ocr_line' id='line_1_21' title="bbox 258 1102 570 1145; baseline 0.003 -10"><span class='ocrx_word' id='word_1_65' title='bbox 258 1103 362 1145; x_wconf 85' lang='lat' dir='ltr'>Saepe</span> <span class='ocrx_word' id='word_1_66' title='bbox 386 1102 433 1135; x_wconf 82' lang='lat' dir='ltr'>fui</span> <span class='ocrx_word' id='word_1_67' title='bbox 456 1105 570 1145; x_wconf 87' lang='lat' dir='ltr'>laetus,</span> 
     </span>
     <span class='ocr_line' id='line_1_22' title="bbox 204 1151 580 1184; baseline 0.003 -1"><span class='ocrx_word' id='word_1_68' title='bbox 204 1151 249 1183; x_wconf 87' lang='lat' dir='ltr'>Et</span> <span class='ocrx_word' id='word_1_69' title='bbox 278 1154 448 1183; x_wconf 83' lang='lat' dir='ltr'>concentus</span> <span class='ocrx_word' id='word_1_70' title='bbox 474 1152 580 1184; x_wconf 89' lang='lat' dir='ltr'>avium</span> 
     </span>
     <span class='ocr_line' id='line_1_23' title="bbox 256 1197 638 1240; baseline 0.003 -10"><span class='ocrx_word' id='word_1_71' title='bbox 256 1197 398 1231; x_wconf 85' lang='lat' dir='ltr'>Sedabat</span> <span class='ocrx_word' id='word_1_72' title='bbox 422 1208 509 1232; x_wconf 88' lang='lat' dir='ltr'>meos</span> <span class='ocrx_word' id='word_1_73' title='bbox 534 1198 638 1240; x_wconf 88' lang='lat' dir='ltr'>fletus,</span> 
     </span>
     <span class='ocr_line' id='line_1_24' title="bbox 210 1246 550 1279; baseline 0.003 -1"><span class='ocrx_word' id='word_1_74' title='bbox 210 1246 274 1279; x_wconf 89' lang='lat' dir='ltr'>Sed</span> <span class='ocrx_word' id='word_1_75' title='bbox 299 1246 384 1278; x_wconf 89' lang='lat' dir='ltr'>inter</span> <span class='ocrx_word' id='word_1_76' title='bbox 409 1247 550 1279; x_wconf 87' lang='lat' dir='ltr'>aviculas</span> 
     </span>
     <span class='ocr_line' id='line_1_25' title="bbox 257 1293 583 1335; baseline 0.003 -9"><span class='ocrx_word' id='word_1_77' title='bbox 257 1293 332 1326; x_wconf 88' lang='lat' dir='ltr'>Una</span> <span class='ocrx_word' id='word_1_78' title='bbox 355 1294 583 1335; x_wconf 81' lang='lat' dir='ltr'>praecellebat,</span> 
     </span>
     <span class='ocr_line' id='line_1_26' title="bbox 208 1342 637 1382; baseline -0.002 -8"><span class='ocrx_word' id='word_1_79' title='bbox 208 1343 296 1382; x_wconf 80' lang='lat' dir='ltr'>Quae</span> <span class='ocrx_word' id='word_1_80' title='bbox 320 1351 371 1374; x_wconf 91' lang='lat' dir='ltr'>me</span> <span class='ocrx_word' id='word_1_81' title='bbox 396 1344 471 1381; x_wconf 85' lang='lat' dir='ltr'>post</span> <span class='ocrx_word' id='word_1_82' title='bbox 495 1342 637 1375; x_wconf 85' lang='lat' dir='ltr'>oviculas</span> 
     </span>
     <span class='ocr_line' id='line_1_27' title="bbox 259 1388 562 1422; baseline 0 -1"><span class='ocrx_word' id='word_1_83' title='bbox 259 1388 386 1421; x_wconf 86' lang='lat' dir='ltr'>Saltare</span> <span class='ocrx_word' id='word_1_84' title='bbox 411 1388 562 1422; x_wconf 79' lang='lat' dir='ltr'>faciebat.</span> 
     </span>
    </p>
   </div>
   <div class='ocr_carea' id='block_1_6' title="bbox 150 1445 683 1815">
    <p class='ocr_par' dir='ltr' id='par_1_10' title="bbox 150 1445 683 1815">
     <span class='ocr_line' id='line_1_28' title="bbox 150 1445 566 1487; baseline -0.005 -7"><span class='ocrx_word' id='word_1_85' title='bbox 150 1448 181 1480; x_wconf 84' lang='lat'>4.</span> <span class='ocrx_word' id='word_1_86' title='bbox 208 1447 270 1480; x_wconf 84' lang='lat' dir='ltr'>Illa</span> <span class='ocrx_word' id='word_1_87' title='bbox 294 1450 418 1487; x_wconf 89' lang='lat' dir='ltr'>septem</span> <span class='ocrx_word' id='word_1_88' title='bbox 442 1445 566 1479; x_wconf 88' lang='lat' dir='ltr'>vicibus</span> 
     </span>
     <span class='ocr_line' id='line_1_29' title="bbox 254 1493 566 1528; baseline 0.003 -1"><span class='ocrx_word' id='word_1_89' title='bbox 254 1493 386 1528; x_wconf 83' lang='lat' dir='ltr'>Sursum</span> <span class='ocrx_word' id='word_1_90' title='bbox 408 1494 566 1528; x_wconf 87' lang='lat' dir='ltr'>volitabat</span> 
     </span>
     <span class='ocr_line' id='line_1_30' title="bbox 208 1542 611 1582; baseline -0.002 -7"><span class='ocrx_word' id='word_1_91' title='bbox 208 1543 254 1575; x_wconf 85' lang='lat' dir='ltr'>Et</span> <span class='ocrx_word' id='word_1_92' title='bbox 277 1542 454 1582; x_wconf 87' lang='lat' dir='ltr'>praeclaris</span> <span class='ocrx_word' id='word_1_93' title='bbox 480 1542 611 1575; x_wconf 89' lang='lat' dir='ltr'>vocibus</span> 
     </span>
     <span class='ocr_line' id='line_1_31' title="bbox 258 1589 683 1633; baseline -0.002 -10"><span class='ocrx_word' id='word_1_94' title='bbox 258 1590 312 1623; x_wconf 84' lang='lat' dir='ltr'>Sic</span> <span class='ocrx_word' id='word_1_95' title='bbox 336 1590 441 1623; x_wconf 85' lang='lat' dir='ltr'>Deum</span> <span class='ocrx_word' id='word_1_96' title='bbox 466 1589 683 1633; x_wconf 78' lang='lat' dir='ltr'>collaudabat,</span> 
     </span>
     <span class='ocr_line' id='line_1_32' title="bbox 212 1638 671 1679; baseline -0.002 -8"><span class='ocrx_word' id='word_1_97' title='bbox 212 1638 361 1671; x_wconf 88' lang='lat' dir='ltr'>Clamans</span> <span class='ocrx_word' id='word_1_98' title='bbox 390 1639 514 1679; x_wconf 88' lang='lat' dir='ltr'>magnis</span> <span class='ocrx_word' id='word_1_99' title='bbox 540 1638 671 1671; x_wconf 87' lang='lat' dir='ltr'>vocibus</span> 
     </span>
     <span class='ocr_line' id='line_1_33' title="bbox 207 1733 595 1774; baseline -0.003 -8"><span class='ocrx_word' id='word_1_100' title='bbox 207 1734 386 1774; x_wconf 80' lang='lat' dir='ltr'>Exemplar</span> <span class='ocrx_word' id='word_1_101' title='bbox 412 1733 595 1766; x_wconf 85' lang='lat' dir='ltr'>hominibus</span> 
     </span>
     <span class='ocr_line' id='line_1_34' title="bbox 256 1781 594 1815; baseline 0 -1"><span class='ocrx_word' id='word_1_102' title='bbox 256 1781 310 1814; x_wconf 88' lang='lat' dir='ltr'>Sic</span> <span class='ocrx_word' id='word_1_103' title='bbox 335 1784 384 1814; x_wconf 88' lang='lat' dir='ltr'>est</span> <span class='ocrx_word' id='word_1_104' title='bbox 405 1791 461 1814; x_wconf 87' lang='lat' dir='ltr'>suo</span> <span class='ocrx_word' id='word_1_105' title='bbox 489 1784 594 1815; x_wconf 81' lang='lat' dir='ltr'>cantu,</span> 
     </span>
    </p>
   </div>
   <div class='ocr_carea' id='block_1_7' title="bbox 153 1839 595 1977">
    <p class='ocr_par' dir='ltr' id='par_1_11' title="bbox 153 1839 595 1977">
     <span class='ocr_line' id='line_1_35' title="bbox 153 1839 595 1873; baseline 0 0"><span class='ocrx_word' id='word_1_106' title='bbox 153 1841 183 1873; x_wconf 80' lang='lat'>5.</span> <span class='ocrx_word' id='word_1_107' title='bbox 209 1840 301 1873; x_wconf 83' lang='lat' dir='ltr'>Haec</span> <span class='ocrx_word' id='word_1_108' title='bbox 323 1842 374 1872; x_wconf 89' lang='lat' dir='ltr'>est</span> <span class='ocrx_word' id='word_1_109' title='bbox 394 1840 454 1872; x_wconf 86' lang='lat' dir='ltr'>illa</span> <span class='ocrx_word' id='word_1_110' title='bbox 475 1839 595 1873; x_wconf 84' lang='lat' dir='ltr'>nobilis</span> 
     </span>
     <span class='ocr_line' id='line_1_36' title="bbox 253 1887 544 1931; baseline 0 -12"><span class='ocrx_word' id='word_1_111' title='bbox 253 1887 393 1920; x_wconf 85' lang='lat' dir='ltr'>Humilis</span> <span class='ocrx_word' id='word_1_112' title='bbox 417 1887 544 1931; x_wconf 88' lang='lat' dir='ltr'>alauda,</span> 
     </span>
     <span class='ocr_line' id='line_1_37' title="bbox 209 1935 593 1977; baseline -0.003 -8"><span class='ocrx_word' id='word_1_113' title='bbox 209 1935 324 1969; x_wconf 83' lang='lat' dir='ltr'>Grisea</span> <span class='ocrx_word' id='word_1_114' title='bbox 349 1944 420 1969; x_wconf 90' lang='lat' dir='ltr'>cum</span> <span class='ocrx_word' id='word_1_115' title='bbox 444 1936 593 1977; x_wconf 87' lang='lat' dir='ltr'>pennulis</span> 
     </span>
    </p>
   </div>
   <div class='ocr_carea' id='block_1_8' title="bbox 255 1983 698 2026">
    <p class='ocr_par' dir='ltr' id='par_1_12' title="bbox 255 1983 698 2026">
     <span class='ocr_line' id='line_1_38' title="bbox 255 1983 698 2026; baseline 0 -10"><span class='ocrx_word' id='word_1_116' title='bbox 255 1984 307 2017; x_wconf 89' lang='lat' dir='ltr'>Ac</span> <span class='ocrx_word' id='word_1_117' title='bbox 330 1984 401 2025; x_wconf 87' lang='lat' dir='ltr'>alis,</span> <span class='ocrx_word' id='word_1_118' title='bbox 428 1987 549 2026; x_wconf 85' lang='lat' dir='ltr'>ventre,</span> <span class='ocrx_word' id='word_1_119' title='bbox 578 1983 698 2024; x_wconf 83' lang='lat' dir='ltr'>cauda3</span> 
     </span>
    </p>
   </div>
   <div class='ocr_carea' id='block_1_9' title="bbox 208 2032 609 2074">
    <p class='ocr_par' dir='ltr' id='par_1_13' title="bbox 208 2032 609 2074">
     <span class='ocr_line' id='line_1_39' title="bbox 208 2032 609 2074; baseline -0.005 -9"><span class='ocrx_word' id='word_1_120' title='bbox 208 2032 309 2074; x_wconf 82' lang='lat' dir='ltr'>Niger</span> <span class='ocrx_word' id='word_1_121' title='bbox 335 2041 447 2065; x_wconf 87' lang='lat' dir='ltr'>corvus</span> <span class='ocrx_word' id='word_1_122' title='bbox 474 2032 609 2064; x_wconf 86' lang='lat' dir='ltr'>crocitat</span> 
     </span>
    </p>
   </div>
   <div class='ocr_carea' id='block_1_10' title="bbox 256 2080 767 2121">
    <p class='ocr_par' dir='ltr' id='par_1_14' title="bbox 256 2080 767 2121">
     <span class='ocr_line' id='line_1_40' title="bbox 256 2080 767 2121; baseline 0 -8"><span class='ocrx_word' id='word_1_123' title='bbox 256 2080 405 2113; x_wconf 85' lang='lat' dir='ltr'>Clamens</span> <span class='ocrx_word' id='word_1_124' title='bbox 429 2088 556 2121; x_wconf 82' lang='lat' dir='ltr'>semper</span> <span class='ocrx_word' id='word_1_125' title='bbox 574 2089 657 2120; x_wconf 83' lang='lat' dir='ltr'>cras&gt;</span> <span class='ocrx_word' id='word_1_126' title='bbox 683 2089 767 2120; x_wconf 84' lang='lat' dir='ltr'>cras,</span> 
     </span>
    </p>
   </div>
   <div class='ocr_carea' id='block_1_11' title="bbox 208 2128 626 2173">
    <p class='ocr_par' dir='ltr' id='par_1_15' title="bbox 208 2128 626 2173">
     <span class='ocr_line' id='line_1_41' title="bbox 208 2128 626 2173; baseline 0 -12"><span class='ocrx_word' id='word_1_127' title='bbox 208 2129 304 2169; x_wconf 83' lang='lat' dir='ltr'>Piger</span> <span class='ocrx_word' id='word_1_128' title='bbox 329 2129 376 2161; x_wconf 90' lang='grc'>310</span> <span class='ocrx_word' id='word_1_129' title='bbox 401 2128 626 2173; x_wconf 84' lang='lat' dir='ltr'>procrastinat,</span> 
     </span>
    </p>
   </div>
   <div class='ocr_carea' id='block_1_12' title="bbox 254 2176 730 2210">
    <p class='ocr_par' dir='ltr' id='par_1_16' title="bbox 254 2176 730 2210">
     <span class='ocr_line' id='line_1_42' title="bbox 254 2176 730 2210; baseline 0.004 -2"><span class='ocrx_word' id='word_1_130' title='bbox 254 2176 308 2209; x_wconf 86' lang='lat' dir='ltr'>Sic</span> <span class='ocrx_word' id='word_1_131' title='bbox 332 2176 451 2209; x_wconf 85' lang='lat' dir='ltr'>transit</span> <span class='ocrx_word' id='word_1_132' title='bbox 474 2184 532 2209; x_wconf 87' lang='lat' dir='ltr'>ver</span> <span class='ocrx_word' id='word_1_133' title='bbox 557 2178 589 2208; x_wconf 91' lang='lat' dir='ltr'>et</span> <span class='ocrx_word' id='word_1_134' title='bbox 613 2179 730 2210; x_wconf 87' lang='lat' dir='ltr'>aestas.</span> 
     </span>
    </p>
   </div>
   <div class='ocr_carea' id='block_1_13' title="bbox 837 281 1419 654">
    <p class='ocr_par' dir='ltr' id='par_1_17' title="bbox 837 281 1419 654">
     <span class='ocr_line' id='line_1_43' title="bbox 837 281 1305 324; baseline -0.006 -8"><span class='ocrx_word' id='word_1_135' title='bbox 837 284 868 316; x_wconf 89' lang='lat'>6.</span> <span class='ocrx_word' id='word_1_136' title='bbox 895 281 977 321; x_wconf 80' lang='lat' dir='ltr'>Quid</span> <span class='ocrx_word' id='word_1_137' title='bbox 1001 284 1044 321; x_wconf 89' lang='lat' dir='ltr'>tu,</span> <span class='ocrx_word' id='word_1_138' title='bbox 1071 281 1160 313; x_wconf 86' lang='lat' dir='ltr'>rudis</span> <span class='ocrx_word' id='word_1_139' title='bbox 1186 282 1305 324; x_wconf 78' lang='lat' dir='ltr'>oucule,</span> 
     </span>
     <span class='ocr_line' id='line_1_44' title="bbox 940 329 1313 372; baseline -0.003 -11"><span class='ocrx_word' id='word_1_140' title='bbox 940 329 1022 369; x_wconf 79' lang='lat' dir='ltr'>Quid</span> <span class='ocrx_word' id='word_1_141' title='bbox 1047 329 1150 361; x_wconf 83' lang='lat' dir='ltr'>nescis</span> <span class='ocrx_word' id='word_1_142' title='bbox 1175 331 1313 372; x_wconf 85' lang='lat' dir='ltr'>cantare,</span> 
     </span>
     <span class='ocr_line' id='line_1_45' title="bbox 896 376 1241 416; baseline 0 -8"><span class='ocrx_word' id='word_1_143' title='bbox 896 376 966 408; x_wconf 73' lang='lat' dir='ltr'>Nisi</span> <span class='ocrx_word' id='word_1_144' title='bbox 990 385 1115 416; x_wconf 83' lang='lat' dir='ltr'>semper</span> <span class='ocrx_word' id='word_1_145' title='bbox 1137 376 1241 408; x_wconf 85' lang='lat' dir='ltr'>simile</span> 
     </span>
     <span class='ocr_line' id='line_1_46' title="bbox 941 423 1304 465; baseline -0.006 -8"><span class='ocrx_word' id='word_1_146' title='bbox 941 423 1061 457; x_wconf 85' lang='lat' dir='ltr'>Kukuk</span> <span class='ocrx_word' id='word_1_147' title='bbox 1085 424 1304 465; x_wconf 83' lang='lat' dir='ltr'>reciprocare3</span> 
     </span>
     <span class='ocr_line' id='line_1_47' title="bbox 894 471 1231 511; baseline -0.006 -7"><span class='ocrx_word' id='word_1_148' title='bbox 894 472 971 504; x_wconf 88' lang='lat' dir='ltr'>Pica</span> <span class='ocrx_word' id='word_1_149' title='bbox 996 472 1073 503; x_wconf 87' lang='lat' dir='ltr'>satis</span> <span class='ocrx_word' id='word_1_150' title='bbox 1098 471 1231 511; x_wconf 88' lang='lat' dir='ltr'>saltitat,</span> 
     </span>
     <span class='ocr_line' id='line_1_48' title="bbox 944 518 1351 559; baseline -0.007 -7"><span class='ocrx_word' id='word_1_151' title='bbox 944 518 1008 552; x_wconf 85' lang='lat' dir='ltr'>Sed</span> <span class='ocrx_word' id='word_1_152' title='bbox 1033 528 1096 551; x_wconf 89' lang='lat' dir='ltr'>non</span> <span class='ocrx_word' id='word_1_153' title='bbox 1122 518 1206 551; x_wconf 89' lang='lat' dir='ltr'>valet</span> <span class='ocrx_word' id='word_1_154' title='bbox 1231 520 1351 559; x_wconf 87' lang='lat' dir='ltr'>cantus,</span> 
     </span>
     <span class='ocr_line' id='line_1_49' title="bbox 896 566 1310 606; baseline -0.002 -8"><span class='ocrx_word' id='word_1_155' title='bbox 896 566 977 605; x_wconf 86' lang='grc'>91113,</span> <span class='ocrx_word' id='word_1_156' title='bbox 1000 567 1133 599; x_wconf 89' lang='lat' dir='ltr'>multum</span> <span class='ocrx_word' id='word_1_157' title='bbox 1158 566 1310 606; x_wconf 86' lang='lat' dir='ltr'>garrulat,</span> 
     </span>
     <span class='ocr_line' id='line_1_50' title="bbox 941 611 1419 654; baseline 0 -9"><span class='ocrx_word' id='word_1_158' title='bbox 941 613 1013 645; x_wconf 84' lang='lat' dir='ltr'>Hoc</span> <span class='ocrx_word' id='word_1_159' title='bbox 1038 611 1128 654; x_wconf 78' lang='lat' dir='ltr'>fugat</span> <span class='ocrx_word' id='word_1_160' title='bbox 1152 613 1252 645; x_wconf 87' lang='lat' dir='ltr'>omnis</span> <span class='ocrx_word' id='word_1_161' title='bbox 1277 614 1419 645; x_wconf 82' lang='lat' dir='ltr'>sanctus.</span> 
     </span>
    </p>
   </div>
   <div class='ocr_carea' id='block_1_14' title="bbox 837 668 1372 1040">
    <p class='ocr_par' dir='ltr' id='par_1_18' title="bbox 837 668 1323 711">
     <span class='ocr_line' id='line_1_51' title="bbox 837 668 1323 711; baseline -0.002 -9"><span class='ocrx_word' id='word_1_162' title='bbox 837 672 868 703; x_wconf 82' lang='grc'>’7.</span> <span class='ocrx_word' id='word_1_163' title='bbox 896 668 949 701; x_wconf 89' lang='lat' dir='ltr'>Sic</span> <span class='ocrx_word' id='word_1_164' title='bbox 974 678 1008 702; x_wconf 84' lang='lat' dir='ltr'>se</span> <span class='ocrx_word' id='word_1_165' title='bbox 1033 672 1148 711; x_wconf 86' lang='lat' dir='ltr'>gerunt</span> <span class='ocrx_word' id='word_1_166' title='bbox 1170 669 1323 711; x_wconf 87' lang='lat' dir='ltr'>homines,</span> 
     </span>
    </p>

    <p class='ocr_par' dir='ltr' id='par_1_19' title="bbox 942 717 1311 761">
     <span class='ocr_line' id='line_1_52' title="bbox 942 717 1311 761; baseline -0.005 -11"><span class='ocrx_word' id='word_1_167' title='bbox 942 717 988 750; x_wconf 89' lang='lat' dir='ltr'>Ut</span> <span class='ocrx_word' id='word_1_168' title='bbox 1012 718 1113 757; x_wconf 86' lang='lat' dir='ltr'>quivis</span> <span class='ocrx_word' id='word_1_169' title='bbox 1140 717 1311 761; x_wconf 86' lang='lat' dir='ltr'>consuevit,</span> 
     </span>
    </p>

    <p class='ocr_par' dir='ltr' id='par_1_20' title="bbox 895 764 1357 851">
     <span class='ocr_line' id='line_1_53' title="bbox 895 764 1343 803; baseline -0.002 -6"><span class='ocrx_word' id='word_1_170' title='bbox 895 765 940 798; x_wconf 84' lang='lat' dir='ltr'>Et</span> <span class='ocrx_word' id='word_1_171' title='bbox 963 764 1011 797; x_wconf 88' lang='lat' dir='ltr'>sic</span> <span class='ocrx_word' id='word_1_172' title='bbox 1036 767 1164 797; x_wconf 85' lang='lat' dir='ltr'>cantant</span> <span class='ocrx_word' id='word_1_173' title='bbox 1189 764 1343 803; x_wconf 88' lang='lat' dir='ltr'>volucres,</span> 
     </span>
     <span class='ocr_line' id='line_1_54' title="bbox 943 812 1357 851; baseline -0.005 -6"><span class='ocrx_word' id='word_1_174' title='bbox 943 813 990 846; x_wconf 92' lang='lat' dir='ltr'>Ut</span> <span class='ocrx_word' id='word_1_175' title='bbox 1014 812 1058 844; x_wconf 89' lang='lat' dir='ltr'>eis</span> <span class='ocrx_word' id='word_1_176' title='bbox 1083 815 1222 844; x_wconf 85' lang='lat' dir='ltr'>rostrum</span> <span class='ocrx_word' id='word_1_177' title='bbox 1248 812 1357 851; x_wconf 87' lang='lat' dir='ltr'>crevit,</span> 
     </span>
    </p>

    <p class='ocr_par' dir='ltr' id='par_1_21' title="bbox 893 859 1295 947">
     <span class='ocr_line' id='line_1_55' title="bbox 893 859 1295 900; baseline -0.002 -9"><span class='ocrx_word' id='word_1_178' title='bbox 893 860 980 900; x_wconf 83' lang='lat' dir='ltr'>Ergo</span> <span class='ocrx_word' id='word_1_179' title='bbox 1005 859 1134 891; x_wconf 87' lang='lat' dir='ltr'>modum</span> <span class='ocrx_word' id='word_1_180' title='bbox 1156 859 1295 891; x_wconf 85' lang='lat' dir='ltr'>volucris</span> 
     </span>
     <span class='ocr_line' id='line_1_56' title="bbox 942 906 1263 947; baseline -0.009 -8"><span class='ocrx_word' id='word_1_181' title='bbox 942 906 1070 939; x_wconf 86' lang='lat' dir='ltr'>Primae</span> <span class='ocrx_word' id='word_1_182' title='bbox 1091 906 1263 947; x_wconf 85' lang='lat' dir='ltr'>praeelegi,</span> 
     </span>
    </p>

    <p class='ocr_par' dir='ltr' id='par_1_22' title="bbox 896 953 1372 1040">
     <span class='ocr_line' id='line_1_57' title="bbox 896 953 1346 994; baseline -0.002 -9"><span class='ocrx_word' id='word_1_183' title='bbox 896 954 983 993; x_wconf 78' lang='lat' dir='ltr'>Quae</span> <span class='ocrx_word' id='word_1_184' title='bbox 1006 953 1048 984; x_wconf 89' lang='lat' dir='ltr'>sit</span> <span class='ocrx_word' id='word_1_185' title='bbox 1072 955 1196 985; x_wconf 88' lang='lat' dir='ltr'>tantum</span> <span class='ocrx_word' id='word_1_186' title='bbox 1221 953 1346 994; x_wconf 85' lang='lat' dir='ltr'>alacris,</span> 
     </span>
     <span class='ocr_line' id='line_1_58' title="bbox 940 999 1372 1040; baseline -0.005 -6"><span class='ocrx_word' id='word_1_187' title='bbox 940 1000 1027 1034; x_wconf 90' lang='lat' dir='ltr'>Huic</span> <span class='ocrx_word' id='word_1_188' title='bbox 1049 1000 1183 1032; x_wconf 88' lang='lat' dir='ltr'>similem</span> <span class='ocrx_word' id='word_1_189' title='bbox 1208 1008 1271 1032; x_wconf 88' lang='grc'>11011</span> <span class='ocrx_word' id='word_1_190' title='bbox 1295 999 1372 1040; x_wconf 88' lang='lat' dir='ltr'>legi.</span> 
     </span>
    </p>
   </div>
   <div class='ocr_carea' id='block_1_15' title="bbox 835 1056 1400 1428">
    <p class='ocr_par' dir='ltr' id='par_1_23' title="bbox 835 1056 1327 1097">
     <span class='ocr_line' id='line_1_59' title="bbox 835 1056 1327 1097; baseline -0.008 -6"><span class='ocrx_word' id='word_1_191' title='bbox 835 1060 866 1092; x_wconf 83' lang='lat'>8.</span> <span class='ocrx_word' id='word_1_192' title='bbox 894 1057 1021 1097; x_wconf 83' lang='lat' dir='ltr'>Grates,</span> <span class='ocrx_word' id='word_1_193' title='bbox 1047 1056 1184 1097; x_wconf 83' lang='lat' dir='ltr'>Christe,</span> <span class='ocrx_word' id='word_1_194' title='bbox 1213 1056 1327 1097; x_wconf 88' lang='lat' dir='ltr'>milies,</span> 
     </span>
    </p>

    <p class='ocr_par' dir='ltr' id='par_1_24' title="bbox 941 1104 1307 1145">
     <span class='ocr_line' id='line_1_60' title="bbox 941 1104 1307 1145; baseline -0.005 -8"><span class='ocrx_word' id='word_1_195' title='bbox 941 1105 1002 1145; x_wconf 89' lang='grc'>9111</span> <span class='ocrx_word' id='word_1_196' title='bbox 1028 1105 1076 1136; x_wconf 85' lang='lat' dir='ltr'>sic</span> <span class='ocrx_word' id='word_1_197' title='bbox 1099 1113 1151 1136; x_wconf 88' lang='lat' dir='ltr'>me</span> <span class='ocrx_word' id='word_1_198' title='bbox 1174 1104 1307 1144; x_wconf 80' lang='lat' dir='ltr'>vocasti,</span> 
     </span>
    </p>

    <p class='ocr_par' dir='ltr' id='par_1_25' title="bbox 896 1151 1309 1241">
     <span class='ocr_line' id='line_1_61' title="bbox 896 1151 1268 1193; baseline -0.008 -7"><span class='ocrx_word' id='word_1_199' title='bbox 896 1153 987 1193; x_wconf 79' lang='lat' dir='ltr'>Quod</span> <span class='ocrx_word' id='word_1_200' title='bbox 1011 1152 1044 1184; x_wconf 90' lang='lat' dir='ltr'>in</span> <span class='ocrx_word' id='word_1_201' title='bbox 1071 1153 1122 1184; x_wconf 88' lang='lat' dir='ltr'>die</span> <span class='ocrx_word' id='word_1_202' title='bbox 1149 1151 1268 1192; x_wconf 88' lang='lat' dir='ltr'>septies</span> 
     </span>
     <span class='ocr_line' id='line_1_62' title="bbox 941 1199 1309 1241; baseline -0.005 -9"><span class='ocrx_word' id='word_1_203' title='bbox 941 1200 1091 1232; x_wconf 85' lang='lat' dir='ltr'>Laudare</span> <span class='ocrx_word' id='word_1_204' title='bbox 1115 1202 1147 1231; x_wconf 89' lang='lat' dir='ltr'>te</span> <span class='ocrx_word' id='word_1_205' title='bbox 1174 1199 1309 1241; x_wconf 89' lang='lat' dir='ltr'>donasti,</span> 
     </span>
    </p>

    <p class='ocr_par' dir='ltr' id='par_1_26' title="bbox 893 1246 1308 1336">
     <span class='ocr_line' id='line_1_63' title="bbox 893 1246 1308 1288; baseline -0.01 -7"><span class='ocrx_word' id='word_1_206' title='bbox 893 1248 941 1281; x_wconf 88' lang='lat' dir='ltr'>Ut</span> <span class='ocrx_word' id='word_1_207' title='bbox 966 1247 1114 1280; x_wconf 89' lang='lat' dir='ltr'>alaudam</span> <span class='ocrx_word' id='word_1_208' title='bbox 1139 1246 1308 1288; x_wconf 85' lang='lat' dir='ltr'>mysticam</span> 
     </span>
     <span class='ocr_line' id='line_1_64' title="bbox 942 1293 1254 1336; baseline -0.003 -9"><span class='ocrx_word' id='word_1_209' title='bbox 942 1294 1016 1327; x_wconf 86' lang='lat' dir='ltr'>Tibi</span> <span class='ocrx_word' id='word_1_210' title='bbox 1040 1293 1254 1336; x_wconf 83' lang='lat' dir='ltr'>praeparasti,</span> 
     </span>
    </p>

    <p class='ocr_par' dir='ltr' id='par_1_27' title="bbox 893 1341 1400 1428">
     <span class='ocr_line' id='line_1_65' title="bbox 893 1341 1365 1375; baseline -0.011 0"><span class='ocrx_word' id='word_1_211' title='bbox 893 1343 948 1375; x_wconf 87' lang='lat' dir='ltr'>Ad</span> <span class='ocrx_word' id='word_1_212' title='bbox 971 1342 1099 1374; x_wconf 86' lang='lat' dir='ltr'>turbam</span> <span class='ocrx_word' id='word_1_213' title='bbox 1120 1341 1365 1374; x_wconf 88' lang='lat' dir='ltr'>minoricam</span> 
     </span>
     <span class='ocr_line' id='line_1_66' title="bbox 941 1387 1400 1428; baseline -0.004 -6"><span class='ocrx_word' id='word_1_214' title='bbox 941 1390 1021 1422; x_wconf 87' lang='lat' dir='ltr'>Tam</span> <span class='ocrx_word' id='word_1_215' title='bbox 1045 1391 1187 1421; x_wconf 89' lang='lat' dir='ltr'>sanctam</span> <span class='ocrx_word' id='word_1_216' title='bbox 1207 1387 1400 1428; x_wconf 81' lang='lat' dir='ltr'>adgregasti.</span> 
     </span>
    </p>
   </div>
   <div class='ocr_carea' id='block_1_16' title="bbox 836 1445 1379 1814">
    <p class='ocr_par' dir='ltr' id='par_1_28' title="bbox 836 1445 1379 1489">
     <span class='ocr_line' id='line_1_67' title="bbox 836 1445 1379 1489; baseline -0.011 -7"><span class='ocrx_word' id='word_1_217' title='bbox 836 1450 867 1482; x_wconf 81' lang='lat'>9.</span> <span class='ocrx_word' id='word_1_218' title='bbox 890 1447 936 1480; x_wconf 84' lang='lat' dir='ltr'>Et</span> <span class='ocrx_word' id='word_1_219' title='bbox 961 1447 1047 1489; x_wconf 86' lang='lat' dir='ltr'>quod</span> <span class='ocrx_word' id='word_1_220' title='bbox 1073 1447 1121 1478; x_wconf 91' lang='lat' dir='ltr'>sic</span> <span class='ocrx_word' id='word_1_221' title='bbox 1143 1455 1208 1478; x_wconf 90' lang='lat' dir='ltr'>sum</span> <span class='ocrx_word' id='word_1_222' title='bbox 1236 1445 1379 1485; x_wconf 84' lang='lat' dir='ltr'>griseo</span> 
     </span>
    </p>

    <p class='ocr_par' dir='ltr' id='par_1_29' title="bbox 938 1494 1252 1532">
     <span class='ocr_line' id='line_1_68' title="bbox 938 1494 1252 1532; baseline -0.003 -5"><span class='ocrx_word' id='word_1_223' title='bbox 938 1496 1047 1527; x_wconf 88' lang='lat' dir='ltr'>Panno</span> <span class='ocrx_word' id='word_1_224' title='bbox 1074 1494 1252 1532; x_wconf 87' lang='lat' dir='ltr'>decoratus,</span> 
     </span>
    </p>

    <p class='ocr_par' dir='ltr' id='par_1_30' title="bbox 894 1540 1324 1629">
     <span class='ocr_line' id='line_1_69' title="bbox 894 1540 1324 1582; baseline -0.007 -7"><span class='ocrx_word' id='word_1_225' title='bbox 894 1543 932 1575; x_wconf 91' lang='lat' dir='ltr'>In</span> <span class='ocrx_word' id='word_1_226' title='bbox 957 1543 1018 1575; x_wconf 87' lang='lat' dir='ltr'>hoc</span> <span class='ocrx_word' id='word_1_227' title='bbox 1041 1543 1175 1574; x_wconf 88' lang='lat' dir='ltr'>multum</span> <span class='ocrx_word' id='word_1_228' title='bbox 1201 1540 1324 1582; x_wconf 83' lang='lat' dir='ltr'>gaudeo</span> 
     </span>
     <span class='ocr_line' id='line_1_70' title="bbox 943 1589 1279 1629; baseline -0.009 -6"><span class='ocrx_word' id='word_1_229' title='bbox 943 1590 1089 1623; x_wconf 84' lang='lat' dir='ltr'>Alaudae</span> <span class='ocrx_word' id='word_1_230' title='bbox 1111 1589 1279 1629; x_wconf 83' lang='lat' dir='ltr'>similatus,</span> 
     </span>
    </p>

    <p class='ocr_par' dir='ltr' id='par_1_31' title="bbox 895 1637 1284 1725">
     <span class='ocr_line' id='line_1_71' title="bbox 895 1637 1250 1677; baseline -0.011 -5"><span class='ocrx_word' id='word_1_231' title='bbox 895 1639 942 1672; x_wconf 89' lang='lat' dir='ltr'>Ut</span> <span class='ocrx_word' id='word_1_232' title='bbox 966 1637 1083 1670; x_wconf 88' lang='lat' dir='ltr'>alauda</span> <span class='ocrx_word' id='word_1_233' title='bbox 1107 1637 1250 1677; x_wconf 83' lang='lat' dir='ltr'>quaerito</span> 
     </span>
     <span class='ocr_line' id='line_1_72' title="bbox 944 1685 1284 1725; baseline -0.012 -6"><span class='ocrx_word' id='word_1_234' title='bbox 944 1685 1052 1719; x_wconf 83' lang='lat' dir='ltr'>Grana</span> <span class='ocrx_word' id='word_1_235' title='bbox 1076 1694 1136 1725; x_wconf 87' lang='lat' dir='ltr'>per</span> <span class='ocrx_word' id='word_1_236' title='bbox 1160 1685 1284 1725; x_wconf 88' lang='lat' dir='ltr'>plateas</span> 
     </span>
    </p>

    <p class='ocr_par' dir='ltr' id='par_1_32' title="bbox 895 1732 1303 1814">
     <span class='ocr_line' id='line_1_73' title="bbox 895 1732 1266 1766; baseline -0.011 0"><span class='ocrx_word' id='word_1_237' title='bbox 895 1734 939 1766; x_wconf 84' lang='lat' dir='ltr'>Et</span> <span class='ocrx_word' id='word_1_238' title='bbox 962 1732 1039 1765; x_wconf 84' lang='lat' dir='ltr'>hinc</span> <span class='ocrx_word' id='word_1_239' title='bbox 1061 1733 1146 1765; x_wconf 87' lang='lat' dir='ltr'>liber</span> <span class='ocrx_word' id='word_1_240' title='bbox 1171 1733 1266 1766; x_wconf 86' lang='lat' dir='ltr'>visito</span> 
     </span>
     <span class='ocr_line' id='line_1_74' title="bbox 944 1780 1303 1814; baseline -0.008 0"><span class='ocrx_word' id='word_1_241' title='bbox 944 1781 1136 1814; x_wconf 88' lang='lat' dir='ltr'>Caelestium</span> <span class='ocrx_word' id='word_1_242' title='bbox 1161 1780 1303 1813; x_wconf 86' lang='lat' dir='ltr'>choreas.</span> 
     </span>
    </p>
   </div>
   <div class='ocr_carea' id='block_1_17' title="bbox 825 1837 1355 2208">
    <p class='ocr_par' dir='ltr' id='par_1_33' title="bbox 825 1837 1355 2208">
     <span class='ocr_line' id='line_1_75' title="bbox 825 1837 1277 1879; baseline -0.009 -6"><span class='ocrx_word' id='word_1_243' title='bbox 825 1839 963 1874; x_wconf 81' lang='lat' dir='ltr'>10.1am</span> <span class='ocrx_word' id='word_1_244' title='bbox 983 1838 1165 1879; x_wconf 79' lang='lat' dir='ltr'>propinquo</span> <span class='ocrx_word' id='word_1_245' title='bbox 1189 1837 1277 1870; x_wconf 86' lang='lat' dir='ltr'>senio</span> 
     </span>
     <span class='ocr_line' id='line_1_76' title="bbox 942 1885 1310 1919; baseline -0.005 0"><span class='ocrx_word' id='word_1_246' title='bbox 942 1887 996 1919; x_wconf 88' lang='lat' dir='ltr'>Ad</span> <span class='ocrx_word' id='word_1_247' title='bbox 1020 1887 1150 1919; x_wconf 90' lang='lat' dir='ltr'>modum</span> <span class='ocrx_word' id='word_1_248' title='bbox 1175 1885 1310 1918; x_wconf 87' lang='lat' dir='ltr'>alaudae</span> 
     </span>
     <span class='ocr_line' id='line_1_77' title="bbox 895 1933 1201 1976; baseline -0.007 -9"><span class='ocrx_word' id='word_1_249' title='bbox 895 1936 1013 1976; x_wconf 80' lang='lat' dir='ltr'>Magno</span> <span class='ocrx_word' id='word_1_250' title='bbox 1041 1933 1201 1966; x_wconf 86' lang='lat' dir='ltr'>desiderio</span> 
     </span>
     <span class='ocr_line' id='line_1_78' title="bbox 945 1981 1355 2022; baseline -0.005 -7"><span class='ocrx_word' id='word_1_251' title='bbox 945 1983 1083 2015; x_wconf 86' lang='lat' dir='ltr'>Virescit</span> <span class='ocrx_word' id='word_1_252' title='bbox 1109 1990 1163 2013; x_wconf 86' lang='lat' dir='ltr'>cor</span> <span class='ocrx_word' id='word_1_253' title='bbox 1186 1981 1220 2013; x_wconf 91' lang='lat' dir='ltr'>in</span> <span class='ocrx_word' id='word_1_254' title='bbox 1240 1981 1355 2022; x_wconf 82' lang='lat' dir='ltr'>laude3</span> 
     </span>
     <span class='ocr_line' id='line_1_79' title="bbox 897 2029 1311 2072; baseline -0.007 -9"><span class='ocrx_word' id='word_1_255' title='bbox 897 2031 999 2071; x_wconf 76' lang='lat' dir='ltr'>Nunc,</span> <span class='ocrx_word' id='word_1_256' title='bbox 1026 2029 1142 2063; x_wconf 87' lang='lat' dir='ltr'>alauda</span> <span class='ocrx_word' id='word_1_257' title='bbox 1166 2029 1311 2072; x_wconf 86' lang='lat' dir='ltr'>mystica,</span> 
     </span>
     <span class='ocr_line' id='line_1_80' title="bbox 943 2077 1337 2118; baseline -0.008 -7"><span class='ocrx_word' id='word_1_258' title='bbox 943 2079 1083 2118; x_wconf 78' lang='lat' dir='ltr'>Tempus</span> <span class='ocrx_word' id='word_1_259' title='bbox 1110 2079 1159 2109; x_wconf 83' lang='lat' dir='ltr'>est</span> <span class='ocrx_word' id='word_1_260' title='bbox 1184 2077 1337 2110; x_wconf 86' lang='lat' dir='ltr'>cantandi</span> 
     </span>
     <span class='ocr_line' id='line_1_81' title="bbox 896 2125 1290 2159; baseline -0.008 0"><span class='ocrx_word' id='word_1_261' title='bbox 896 2127 941 2159; x_wconf 87' lang='lat' dir='ltr'>Et</span> <span class='ocrx_word' id='word_1_262' title='bbox 964 2135 1022 2159; x_wconf 90' lang='lat' dir='ltr'>nos</span> <span class='ocrx_word' id='word_1_263' title='bbox 1047 2125 1144 2158; x_wconf 89' lang='lat' dir='ltr'>laude</span> <span class='ocrx_word' id='word_1_264' title='bbox 1171 2125 1290 2158; x_wconf 85' lang='lat' dir='ltr'>caelica</span> 
     </span>
     <span class='ocr_line' id='line_1_82' title="bbox 945 2172 1292 2208; baseline -0.006 0"><span class='ocrx_word' id='word_1_265' title='bbox 945 2175 1061 2208; x_wconf 84' lang='lat' dir='ltr'>Parum</span> <span class='ocrx_word' id='word_1_266' title='bbox 1084 2172 1292 2206; x_wconf 87' lang='lat' dir='ltr'>laetificandi.</span> 
     </span>
    </p>
   </div>
   <div class='ocr_carea' id='block_1_18' title="bbox 552 2234 961 2412">
    <p class='ocr_par' dir='ltr' id='par_1_34' title="bbox 552 2234 958 2372">
     <span class='ocr_line' id='line_1_83' title="bbox 552 2234 925 2268; baseline -0.008 -1"><span class='ocrx_word' id='word_1_267' title='bbox 552 2235 641 2268; x_wconf 88' lang='lat' dir='ltr'>Bene</span> <span class='ocrx_word' id='word_1_268' title='bbox 663 2243 741 2267; x_wconf 90' lang='lat' dir='ltr'>cane</span> <span class='ocrx_word' id='word_1_269' title='bbox 767 2234 925 2266; x_wconf 84' lang='lat' dir='ltr'>canticum</span> 
     </span>
     <span class='ocr_line' id='line_1_84' title="bbox 598 2282 892 2322; baseline -0.003 -7"><span class='ocrx_word' id='word_1_270' title='bbox 598 2282 736 2315; x_wconf 87' lang='lat' dir='ltr'>Iubilum</span> <span class='ocrx_word' id='word_1_271' title='bbox 761 2283 892 2322; x_wconf 85' lang='lat' dir='ltr'>amoris,</span> 
     </span>
     <span class='ocr_line' id='line_1_85' title="bbox 554 2329 958 2372; baseline -0.007 -8"><span class='ocrx_word' id='word_1_272' title='bbox 554 2332 602 2365; x_wconf 86' lang='lat' dir='ltr'>Ut</span> <span class='ocrx_word' id='word_1_273' title='bbox 624 2331 756 2363; x_wconf 86' lang='lat' dir='ltr'>tandem</span> <span class='ocrx_word' id='word_1_274' title='bbox 780 2329 958 2372; x_wconf 81' lang='lat' dir='ltr'>angelicum</span> 
     </span>
    </p>

    <p class='ocr_par' dir='ltr' id='par_1_35' title="bbox 602 2378 961 2412">
     <span class='ocr_line' id='line_1_86' title="bbox 602 2378 961 2412; baseline 0 0"><span class='ocrx_word' id='word_1_275' title='bbox 602 2379 761 2412; x_wconf 87' lang='lat' dir='ltr'>Decantes</span> <span class='ocrx_word' id='word_1_276' title='bbox 785 2379 819 2411; x_wconf 92' lang='lat' dir='ltr'>in</span> <span class='ocrx_word' id='word_1_277' title='bbox 846 2378 961 2412; x_wconf 75' lang='lat' dir='ltr'>choris,</span> 
     </span>
    </p>
   </div>
   <div class='ocr_carea' id='block_1_19' title="bbox 186 2438 595 2470">
    <p class='ocr_par' dir='ltr' id='par_1_36' title="bbox 186 2438 595 2470">
     <span class='ocr_line' id='line_1_87' title="bbox 186 2438 595 2470; baseline -0.005 -5"><span class='ocrx_word' id='word_1_278' title='bbox 186 2441 305 2470; x_wconf 80' lang='lat' dir='ltr'>Blume,</span> <span class='ocrx_word' id='word_1_279' title='bbox 322 2440 366 2465; x_wconf 82' lang='lat' dir='ltr'>Pia</span> <span class='ocrx_word' id='word_1_280' title='bbox 380 2439 525 2465; x_wconf 73' lang='lat' dir='ltr'>Dictamina.</span> <span class='ocrx_word' id='word_1_281' title='bbox 554 2438 595 2464; x_wconf 85' lang='lat' dir='ltr'>IV.</span> 
     </span>
    </p>
   </div>
   <div class='ocr_carea' id='block_1_20' title="bbox 1268 2427 1285 2457">
    <p class='ocr_par' dir='ltr' id='par_1_37' title="bbox 1268 2427 1285 2457">
     <span class='ocr_line' id='line_1_88' title="bbox 1268 2427 1285 2457; textangle 90"><span class='ocrx_word' id='word_1_282' title='bbox 1268 2427 1285 2457; x_wconf 70' lang='grc' dir='ltr'>ΕΟ</span> 
     </span>
    </p>
   </div>
  </div>
 </body>
</html>
